%=========================MISC========================%

@misc{IRIS,
    author = {Laboratoire d'Astrophysique de Marseille},
    title = {IRIS : Initiation à la Recherche en astronomie pour les Scolaires},
    howpublished = "\url{http://iris.lam.fr/}"
}

@misc{Pearson2003,
    author = {Chris Pearson},
    title = {Fundamental Cosmology 5: The Equation of State},
    howpublished = "\url{https://www.ir.isas.jaxa.jp/~cpp/teaching/cosmology/documents/cosmology01-05.pdf}"
}

@misc{NobelPrize,
    author = {The Nobel Prize},
    title = {The Nobel Prize in Physics 2011},
    howpublished = "\url{https://www.nobelprize.org/prizes/physics/2011/press-release/}"
}

@misc{VLT,
    author = {European Southern Observatory},
    title = {Very Large Telescope},
    howpublished = "\url{https://www.eso.org/public/france/teles-instr/paranal-observatory/vlt/}"
}

@misc{CFHT,
    author = {CFHT},
    title = {Canada-France Hawaii Telescope},
    howpublished = "\url{https://www.cfht.hawaii.edu/fr/apropos/}"
}

@misc{HST,
    author = {NASA},
    title = {Hubble Space Telescope},
    howpublished = "\url{https://hubblesite.org/}"
}

@misc{GENCI,
    author = {Grand Équipement National de Calcul Intensif},
    title = {Hubble Space Telescope},
    howpublished = "\url{https://www.genci.fr/fr}"
}

@misc{FERMI,
    author = {NASA},
    title = {The Fermi Gamma-ray Space Telescope},
    howpublished = "\url{https://fermi.gsfc.nasa.gov/}"
}

@misc{HESS,
    author = {HESS},
    title = {High Energy Stereoscopic System},
    howpublished = "\url{https://www.mpi-hd.mpg.de/hfm/HESS/}"
}

@misc{CTA,
    author = {CTA},
    title = {Cherenkov Telescope Array : Exploring the Universe at the Highest Energies},
    howpublished = "\url{https://www.cta-observatory.org/}"
}

@misc{SVOM,
    author = {CNSA et CNES},
    title = {Space-based multi-band astronomical Variable Objects Monitor},
    howpublished = "\url{https://www.svom.eu/}"
}

@misc{PaulBaker,
    author = {telescope-optics.net},
    title = {Paul-Baker and other three-mirror anastigmatic aplanats},
    howpublished = "\url{https://www.telescope-optics.net/paul-baker_telescope.htm}"
}

@misc{MilkyWay,
    author = {LSST Stars, Milky Way and Local Volume Science Collaboration},
    title = {Milky Way Structure and Formation},
    howpublished = "\url{https://www.lsst.org/science/mapping-milky-way}"
}

@misc{Doppler,
    author = {Wikipédia},
    title = {Effet Doppler},
    howpublished = "\url{https://fr.wikipedia.org/wiki/Effet_Doppler}"
}

@misc{Robertson,
    author = {Wikipédia},
    title = {Métrique de Friedmann-Lemaître-Robertson-Walker},
    howpublished = "\url{https://fr.wikipedia.org/wiki/M%C3%A9trique_de_Friedmann-Lema%C3%AEtre-Robertson-Walker}"
}

@misc{EUCLID,
    author = {EUCLID CONSORTIUM},
    title = {Euclid and the origin of the accelerating universe},
    howpublished = "\url{https://www.euclid-ec.org/}"
}

@misc{AMS,
    author = {American Meteorology Society},
    title = {Glossary of meteorology},
    howpublished = "\url{https://glossary.ametsoc.org/wiki/Cloud_optical_depth}"
}

@misc{Modtran,
    author = {MODTRAN},
    title = {MODerate resolution atmospheric TRANsmission},
    howpublished = "\url{http://modtran.spectral.com/}"
}

@misc{Lepton,
    author = {FLIR},
    title = {FLIR Lepton IR Camera},
    howpublished = "\url{https://www.flir.fr/products/lepton/}"
}

@misc{flir_blackbody,
    author = {FLIR},
    title = {FLIR 4" Blackbody Source for ALC and Supplemental FFC},
    howpublished = "\url{https://www.flircameras.com/index.php?_route_=285-0029-02.htm}"
}

@misc{STS35,
    author = {Sensirion STS35 Temperature Sensor},
    title = {Datasheet STS3x-DIS},
    howpublished = "\url{https://www.mouser.fr/datasheet/2/682/Sensirion_Temperature_Sensors_STS3x_Datasheet-1512027.pdf}"
}

@misc{flir_emissivity,
    author = {FLIR},
    title = {How Does Emissivity Affect Thermal Imaging?},
    howpublished = "\url{https://www.flir.com/discover/professional-tools/how-does-emissivity-affect-thermal-imaging/}"
}

@misc{atik460ex,
    author = {Atik Cameras},
    title = {Atik 460EX Specifications},
    howpublished = "\url{https://www.atik-cameras.com/product/atik-460ex/}"
}

@misc{PRISM,
    author = {PRISM},
    title = {PRISM by Alcor System},
    howpublished = "\url{http://www.prism-astro.com/fr/index.html}"
}

@misc{INDILIB,
    author = {INDILIB},
    title = {INDI Library : open source software to control astronomical equipment},
    howpublished = "\url{https://www.indilib.org/}"
}

@misc{Aladin,
    author = {Université de Strasbourg},
    title = {Aladin Sky Atlas},
    howpublished = "\url{https://aladin.u-strasbg.fr/}"
}

@misc{RaspberryPi,
    author = {Raspberry Pi Foundation},
    title = {Raspberry Pi : single-board computer toward education},
    howpublished = "\url{https://www.raspberrypi.org/}"
}

@misc{IRAF,
    author = {National Optical Astronomy Observatory},
    title = {Image Reduction and Analysis Facility},
    howpublished = "\url{https://www.iraf.net/}"
}

@misc{astropy,
    author = {Astropy},
    title = {Astropy : A Community Python Library for Astronomy},
    howpublished = "\url{https://docs.astropy.org/en/stable/index.html}"
}

@misc{Montaigut,
    author = {Romain Montaigut},
    title = {Photométrie différentielle : principes, techniques et méthodologie},
    howpublished = "\url{https://media.afastronomie.fr/RCE/PresentationsRCE2018/Montaigut-RCE2018.pdf}"
}

%=========================BOOKS AND THESIS========================%

@book{Chandrasekhar,
    author = {S. Chandrasekhar},
    title = {Hydrodynamic and Hydromagnetic Stability},
    year = {1961},
    publisher = {Oxford University Press}
}

@book{Lena,
    author = {P. Léna, D. Rouan and others},
    title = {L'observation en astrophysique},
    publisher = {EDP Sciences},
    year = {2008}
}

@phdthesis{Hazenberger,
    author = {François Hazenberger},
    title = {Calibration photométrique des supernovae de type Ia pour la caractérisation de l’énergie noire avec l’expérience StarDICE},
    year = {2019}
}

%=========================ARTICLES========================%

@article{photutils,
   author = {Larry Bradley and others},
   title = {astropy/photutils: 1.0.0},
   month = sep,
   year = 2020,
   publisher = {Zenodo},
   version = {1.0.0},
   doi = {10.5281/zenodo.4044744},
   url = {https://doi.org/10.5281/zenodo.4044744}
}

@article{Dainotti2021,
   author = {Maria Giovanna Dainotti and Biagio De Simone and Tiziano Schiavone and Giovanni Montani and Enrico Rinaldi and Gaetano Lambiase},
   title = {On the Hubble constant tension in the SNe Ia Pantheon sample},
   year = {2021},
   eprint = {arXiv:2103.02117},
   howpublished = {ApJ, 912, 150 (2021)},
   doi = {10.3847/1538-4357/abeb73}
}

@article{Mitra2021,
  doi = {10.1103/physrevd.103.023524},
  url = {https://doi.org/10.1103/physrevd.103.023524},
  year = {2021},
  month = jan,
  publisher = {American Physical Society ({APS})},
  volume = {103},
  number = {2},
  author = {Ayan Mitra and Eric V. Linder},
  title = {Cosmology requirements on supernova photometric redshift systematics for the Rubin {LSST} and Roman Space Telescope},
  journal = {Physical Review D}
}

@article{Gong2010,
  doi = {10.1088/0004-637x/709/2/1420},
  url = {https://doi.org/10.1088/0004-637x/709/2/1420},
  year = {2010},
  month = jan,
  publisher = {American Astronomical Society},
  volume = {709},
  number = {2},
  pages = {1420--1428},
  author = {Yan Gong and Asantha Cooray and Xuelei Chen},
  title = {{COSMOLOGY} {WITH} {PHOTOMETRIC} {SURVEYS} {OF} {TYPE} Ia {SUPERNOVAE}},
  journal = {The Astrophysical Journal}
}

@article{Jones,
    author = {Vera C. Rubin Observatory LSST Solar System Science Collaboration},
    title = {The Scientific Impact of the Vera C. Rubin Observatory's Legacy Survey of Space and Time (LSST) for Solar System Science},
    year = {2020},
    DOI = {https://arxiv.org/abs/2009.07653}
}

@article{Kulkarni,
    author = {Transients and Variables with LSST},
    title = {LSST Transient Object Collaboration},
    year = {2020},
    DOI = {https://www.lsst.org/sites/default/files/docs/kulkarni_086.13.pdf}
}

@article{DESC,
    author = {Dark Energy Science Collaboration},
    title = {The LSST Dark Energy Science Collaboration (DESC) Science Requirements Document},
    year = {2018},
    DOI = {https://arxiv.org/pdf/1809.01669.pdf}
}

@article{Wagner,
    author = {LSST Dark Matter Collaboration},
    title = {Probing the Fundamental Nature of Dark Matter with the Large Synoptic Survey Telescope},
    year = {2019},
    DOI = {https://arxiv.org/abs/1902.01055}
}

@article{Riess1998,
  doi = {10.1086/300499},
  url = {https://doi.org/10.1086/300499},
  year = {1998},
  month = sep,
  publisher = {American Astronomical Society},
  volume = {116},
  number = {3},
  pages = {1009--1038},
  author = {Adam G. Riess and others},
  title = {Observational Evidence from Supernovae for an Accelerating Universe and a Cosmological Constant},
  journal = {The Astronomical Journal}
}

@article{Baade1934,
  doi = {10.1073/pnas.20.5.259},
  url = {https://doi.org/10.1073/pnas.20.5.259},
  year = {1934},
  month = may,
  publisher = {Proceedings of the National Academy of Sciences},
  volume = {20},
  number = {5},
  pages = {259--263},
  author = {W. Baade and F. Zwicky},
  title = {Cosmic Rays from Super-Novae},
  journal = {Proceedings of the National Academy of Sciences}
}

@article{Branch1992,
  doi = {10.1146/annurev.aa.30.090192.002043},
  url = {https://doi.org/10.1146/annurev.aa.30.090192.002043},
  year = {1992},
  month = sep,
  publisher = {Annual Reviews},
  volume = {30},
  number = {1},
  pages = {359--389},
  author = {David Branch and G. A. Tammann},
  title = {Type Ia Supernovae as Standard Candles},
  journal = {Annual Review of Astronomy and Astrophysics}
}

@article{Kerstein,
title = {Type 1a supernovae.},
author = {Kerstein and others},
abstractNote = {Abstract not provided.},
doi = {https://www.osti.gov/biblio/1142326},
url = {https://www.osti.gov/biblio/1142326},
place = {United States},
year = {2008},
month = {9}
} 

@article{Dilday2010,
  doi = {10.1088/0004-637x/715/2/1021},
  url = {https://doi.org/10.1088/0004-637x/715/2/1021},
  year = {2010},
  month = may,
  publisher = {American Astronomical Society},
  volume = {715},
  number = {2},
  pages = {1021--1035},
  author = {Benjamin Dilday and others},
  title = {A {MEASUREMENT} {OF} {THE} {RATE} {OF} {TYPE} Ia {SUPERNOVAE} {IN} {GALAXY} {CLUSTERS} {FROM} {THE} {SDSS}-{II} {SUPERNOVA} {SURVEY}},
  journal = {The Astrophysical Journal}
}

@article{Scannapieco2005,
  doi = {10.1086/452632},
  url = {https://doi.org/10.1086/452632},
  year = {2005},
  month = aug,
  publisher = {American Astronomical Society},
  volume = {629},
  number = {2},
  pages = {L85--L88},
  author = {Evan Scannapieco and Lars Bildsten},
  title = {The Type Ia Supernova Rate},
  journal = {The Astrophysical Journal}
}

@article{Conley2010,
  doi = {10.1088/0067-0049/192/1/1},
  url = {https://doi.org/10.1088/0067-0049/192/1/1},
  year = {2010},
  month = dec,
  publisher = {American Astronomical Society},
  volume = {192},
  number = {1},
  pages = {1},
  author = {A. Conley and others},
  title = {{SUPERNOVA} {CONSTRAINTS} {AND} {SYSTEMATIC} {UNCERTAINTIES} {FROM} {THE} {FIRST} {THREE} {YEARS} {OF} {THE} {SUPERNOVA} {LEGACY} {SURVEY}},
  journal = {The Astrophysical Journal Supplement Series}
}

@article{Abbott2019,
  doi = {10.3847/2041-8213/ab04fa},
  url = {https://doi.org/10.3847/2041-8213/ab04fa},
  year = {2019},
  month = feb,
  publisher = {American Astronomical Society},
  volume = {872},
  number = {2},
  pages = {L30},
  author = {T. M. C. Abbott and others},
  title = {First Cosmology Results using Type Ia Supernovae from the Dark Energy Survey: Constraints on Cosmological Parameters},
  journal = {The Astrophysical Journal}
}

@article{Goobar2011,
  doi = {10.1146/annurev-nucl-102010-130434},
  url = {https://doi.org/10.1146/annurev-nucl-102010-130434},
  year = {2011},
  month = nov,
  publisher = {Annual Reviews},
  volume = {61},
  number = {1},
  pages = {251--279},
  author = {Ariel Goobar and Bruno Leibundgut},
  title = {Supernova Cosmology: Legacy and Future},
  journal = {Annual Review of Nuclear and Particle Science}
}

@article{Freedman2010,
  doi = {10.1146/annurev-astro-082708-101829},
  url = {https://doi.org/10.1146/annurev-astro-082708-101829},
  year = {2010},
  month = aug,
  publisher = {Annual Reviews},
  volume = {48},
  number = {1},
  pages = {673--710},
  author = {Wendy L. Freedman and Barry F. Madore},
  title = {The Hubble Constant},
  journal = {Annual Review of Astronomy and Astrophysics}
}

@article{Narayan2019,
  doi = {10.3847/1538-4365/ab0557},
  url = {https://doi.org/10.3847/1538-4365/ab0557},
  year = {2019},
  month = mar,
  publisher = {American Astronomical Society},
  volume = {241},
  number = {2},
  pages = {20},
  author = {Gautham Narayan and others},
  title = {Subpercent Photometry: Faint {DA} White Dwarf Spectrophotometric Standards for Astrophysical Observatories},
  journal = {The Astrophysical Journal Supplement Series}
}

@article{Bohlin2014,
  doi = {10.1088/0004-6256/147/6/127},
  url = {https://doi.org/10.1088/0004-6256/147/6/127},
  year = {2014},
  month = apr,
  publisher = {American Astronomical Society},
  volume = {147},
  number = {6},
  pages = {127},
  author = {R. C. Bohlin},
  title = {{HUBBLE} {SPACE} {TELESCOPECALSPEC} {FLUX} {STANDARDS}: {SIRIUS} ({AND} {VEGA})},
  journal = {The Astronomical Journal}
}


@article{Betoule2014,
	doi = {10.1051/0004-6361/201423413},
  
	url = {https://doi.org/10.1051%2F0004-6361%2F201423413},
  
	year = 2014,
	month = {aug},
  
	publisher = {{EDP} Sciences},
  
	volume = {568},
  
	pages = {A22},
  
	author = {M. Betoule and R. Kessler and J. Guy and J. Mosher and D. Hardin and R. Biswas and P. Astier and P. El-Hage and M. Konig and S. Kuhlmann and J. Marriner and R. Pain and N. Regnault and C. Balland and B. A. Bassett and P. J. Brown and H. Campbell and R. G. Carlberg and F. Cellier-Holzem and D. Cinabro and A. Conley and C. B. D'Andrea and D. L. DePoy and M. Doi and R. S. Ellis and S. Fabbro and A. V. Filippenko and R. J. Foley and J. A. Frieman and D. Fouchez and L. Galbany and A. Goobar and R. R. Gupta and G. J. Hill and R. Hlozek and C. J. Hogan and I. M. Hook and D. A. Howell and S. W. Jha and L. Le Guillou and G. Leloudas and C. Lidman and J. L. Marshall and A. Möller and A. M. Mour{\~{a}}o and J. Neveu and R. Nichol and M. D. Olmstead and N. Palanque-Delabrouille and S. Perlmutter and J. L. Prieto and C. J. Pritchet and M. Richmond and A. G. Riess and V. Ruhlmann-Kleider and M. Sako and K. Schahmaneche and D. P. Schneider and M. Smith and J. Sollerman and M. Sullivan and N. A. Walton and C. J. Wheeler},
  
	title = {Improved cosmological constraints from a joint analysis of the {SDSS}-{II} and {SNLS} supernova samples},
  
	journal = {Astronomy {\&}amp$\mathsemicolon$ Astrophysics}
}

@article{Scoville2007,
  doi = {10.1086/516580},
  url = {https://doi.org/10.1086/516580},
  year = {2007},
  month = sep,
  publisher = {American Astronomical Society},
  volume = {172},
  number = {1},
  pages = {38--45},
  author = {N. Scoville and others},
  title = {{COSMOS}:
		                    Hubble Space Telescope
		                    Observations},
  journal = {The Astrophysical Journal Supplement Series}
}

@article{Sebag2010,
  doi = {10.1117/12.856337},
  url = {https://doi.org/10.1117/12.856337},
  year = {2010},
  month = jul,
  publisher = {{SPIE}},
  author = {Jacques Sebag and others},
  editor = {Larry M. Stepp and Roberto Gilmozzi and Helen J. Hall},
  title = {{LSST} all-sky {IR} camera cloud monitoring test results},
  booktitle = {Ground-based and Airborne Telescopes {III}}
}

@article{Beckers1993,
  doi = {10.1146/annurev.aa.31.090193.000305},
  url = {https://doi.org/10.1146/annurev.aa.31.090193.000305},
  year = {1993},
  month = sep,
  publisher = {Annual Reviews},
  volume = {31},
  number = {1},
  pages = {13--62},
  author = {Jacques M. Beckers},
  title = {Adaptive Optics for Astronomy: Principles,  Performance,  and Applications},
  journal = {Annual Review of Astronomy and Astrophysics}
}

@article{Shaw_2013,
	doi = {10.1088/0143-0807/34/6/s111},
	url = {https://doi.org/10.1088/0143-0807/34/6/s111},
	year = 2013,
	month = {oct},
	publisher = {{IOP} Publishing},
	volume = {34},
	number = {6},
	pages = {S111--S121},
	author = {Joseph A Shaw and Paul W Nugent},
	title = {Physics principles in radiometric infrared imaging of clouds in the atmosphere},
	journal = {European Journal of Physics}
}

@article{Ebr2021,
  doi = {10.3847/1538-3881/abf7b1},
  url = {https://doi.org/10.3847/1538-3881/abf7b1},
  year = {2021},
  month = jun,
  publisher = {American Astronomical Society},
  volume = {162},
  number = {1},
  pages = {6},
  author = {Jan Ebr and others},
  title = {A New Method for Aerosol Measurement Using Wide-field Photometry},
  journal = {The Astronomical Journal}
}

@article{Gade2013,
  doi = {10.1007/s00138-013-0570-5},
  url = {https://doi.org/10.1007/s00138-013-0570-5},
  year = {2013},
  month = nov,
  publisher = {Springer Science and Business Media {LLC}},
  volume = {25},
  number = {1},
  pages = {245--262},
  author = {Rikke Gade and Thomas B. Moeslund},
  title = {Thermal cameras and applications: a survey},
  journal = {Machine Vision and Applications}
}

@article{Akula2011,
  doi = {10.1063/1.3643540},
  url = {https://doi.org/10.1063/1.3643540},
  year = {2011},
  publisher = {{AIP}},
  author = {Aparna Akula and others},
  title = {Thermal Imaging And Its Application In Defence Systems}
}

@article{Lahiri2012,
  doi = {10.1016/j.infrared.2012.03.007},
  url = {https://doi.org/10.1016/j.infrared.2012.03.007},
  year = {2012},
  month = jul,
  publisher = {Elsevier {BV}},
  volume = {55},
  number = {4},
  pages = {221--235},
  author = {B.B. Lahiri and others},
  title = {Medical applications of infrared thermography: A review},
  journal = {Infrared Physics {\&} Technology}
}

@article{Eaton2013,
  doi = {10.1007/978-1-4614-7804-1_29},
  url = {https://doi.org/10.1007/978-1-4614-7804-1_29},
  year = {2013},
  publisher = {Springer New York},
  pages = {515--524},
  author = {Harry A. C. Eaton},
  title = {Infrared imaging bolometers},
  booktitle = {Observing Photons in Space}
}

@article{Shaw2005,
  doi = {10.1364/opex.13.005807},
  url = {https://doi.org/10.1364/opex.13.005807},
  year = {2005},
  month = jul,
  publisher = {The Optical Society},
  volume = {13},
  number = {15},
  pages = {5807},
  author = {Joseph A. Shaw and others},
  title = {Radiometric cloud imaging with an uncooled microbolometer thermal infrared camera},
  journal = {Optics Express}
}

@article{Brocard2011,
  doi = {10.1109/tgrs.2010.2063033},
  url = {https://doi.org/10.1109/tgrs.2010.2063033},
  year = {2011},
  month = feb,
  publisher = {Institute of Electrical and Electronics Engineers ({IEEE})},
  volume = {49},
  number = {2},
  pages = {595--602},
  author = {Emmanuel Brocard and others},
  title = {Detection of Cirrus Clouds Using Infrared Radiometry},
  journal = {{IEEE} Transactions on Geoscience and Remote Sensing}
}

@article{Dowling1990,
  doi = {10.1175/1520-0450(1990)029<0970:asotpp>2.0.co;2},
  url = {https://doi.org/10.1175/1520-0450(1990)029<0970:asotpp>2.0.co;2},
  year = {1990},
  month = sep,
  publisher = {American Meteorological Society},
  volume = {29},
  number = {9},
  pages = {970--978},
  author = {David R. Dowling and Lawrence F. Radke},
  title = {A Summary of the Physical Properties of Cirrus Clouds},
  journal = {Journal of Applied Meteorology}
}

@article{Blanc,
    author = {Guillaume Blanc},
    title = {Proposal for the study of the cloud structure function at small spatial scales},
    year = {2013}
}

@article{Vogelmann1995,
  doi = {10.1175/1520-0469(1995)052<4285:rccpto>2.0.co;2},
  url = {https://doi.org/10.1175/1520-0469(1995)052<4285:rccpto>2.0.co;2},
  year = {1995},
  month = dec,
  publisher = {American Meteorological Society},
  volume = {52},
  number = {23},
  pages = {4285--4301},
  author = {A. M. Vogelmann and T. P. Ackerman},
  title = {Relating Cirrus Cloud Properties to Observed Fluxes: A Critical Assessment},
  journal = {Journal of the Atmospheric Sciences}
}

@article{Betoule,
    author = {Betoule and others},
    title = {StarDICE: toward an artificial star for instrumental flux calibration},
    year = {2018}
}

@article{Milton1985,
  doi = {10.1117/12.7973588},
  url = {https://doi.org/10.1117/12.7973588},
  year = {1985},
  month = aug,
  publisher = {{SPIE}-Intl Soc Optical Eng},
  volume = {24},
  number = {5},
  author = {A. F. Milton and others},
  title = {Influence Of Nonuniformity On Infrared Focal Plane Array Performance},
  journal = {Optical Engineering}
}

@article{Krupinski2014,
  doi = {10.2478/mms-2014-0050},
  url = {https://doi.org/10.2478/mms-2014-0050},
  year = {2014},
  month = dec,
  publisher = {Walter de Gruyter {GmbH}},
  volume = {21},
  number = {4},
  pages = {709--718},
  author = {Micha{\l} Krupi{\'{n}}ski and others},
  title = {Non-Uniformity Correction in Microbolometer Array with Temperature Influence Compensation},
  journal = {Metrology and Measurement Systems}
}

@article{Nugent2013,
  doi = {10.1117/1.oe.52.6.061304},
  url = {https://doi.org/10.1117/1.oe.52.6.061304},
  year = {2013},
  month = jan,
  publisher = {{SPIE}-Intl Soc Optical Eng},
  volume = {52},
  number = {6},
  pages = {061304},
  author = {Paul W. Nugent and others},
  title = {Correcting for focal-plane-array temperature dependence in microbolometer infrared cameras lacking thermal stabilization},
  journal = {Optical Engineering}
}

@article{Rogalski2014,
  doi = {10.2478/mms-2014-0057},
  url = {https://doi.org/10.2478/mms-2014-0057},
  year = {2014},
  month = dec,
  publisher = {Walter de Gruyter {GmbH}},
  volume = {21},
  number = {4},
  pages = {565--618},
  author = {A. Rogalski and K. Chrzanowski},
  title = {Infrared Devices And Techniques (Revision)},
  journal = {Metrology and Measurement Systems}
}

@article{Rogalski2011,
  doi = {10.1016/j.infrared.2010.12.003},
  url = {https://doi.org/10.1016/j.infrared.2010.12.003},
  year = {2011},
  month = may,
  publisher = {Elsevier {BV}},
  volume = {54},
  number = {3},
  pages = {136--154},
  author = {A. Rogalski},
  title = {Recent progress in infrared detector technologies},
  journal = {Infrared Physics {\&} Technology}
}

@article{Hu2014,
  doi = {10.1016/j.infrared.2014.05.012},
  url = {https://doi.org/10.1016/j.infrared.2014.05.012},
  year = {2014},
  month = sep,
  publisher = {Elsevier {BV}},
  volume = {66},
  pages = {56--69},
  author = {Jing Hu and others},
  title = {Non-uniformity correction of infrared focal plane array in point target surveillance systems},
  journal = {Infrared Physics {\&} Technology}
}

@article{Orzanowski2016,
  doi = {10.1186/s40064-016-3534-1},
  url = {https://doi.org/10.1186/s40064-016-3534-1},
  year = {2016},
  month = oct,
  publisher = {Springer Science and Business Media {LLC}},
  volume = {5},
  number = {1},
  author = {Tomasz Or{\.{z}}anowski},
  title = {Nonuniformity correction algorithm with efficient pixel offset estimation for infrared focal plane arrays},
  journal = {{SpringerPlus}}
}

@article{Aragon2020,
  doi = {10.3390/s20113316},
  url = {https://doi.org/10.3390/s20113316},
  year = {2020},
  month = jun,
  publisher = {{MDPI} {AG}},
  volume = {20},
  number = {11},
  pages = {3316},
  author = {Bruno Aragon and others},
  title = {A Calibration Procedure for Field and {UAV}-Based Uncooled Thermal Infrared Instruments},
  journal = {Sensors}
}

@article{Mooney1996,
  doi = {10.1016/1350-4495(95)00133-6},
  url = {https://doi.org/10.1016/1350-4495(95)00133-6},
  year = {1996},
  month = aug,
  publisher = {Elsevier {BV}},
  volume = {37},
  number = {5},
  pages = {595--606},
  author = {Jonathan M. Mooney and Freeman D. Shepherd},
  title = {Characterizing {IR} {FPA} nonuniformity and {IR} camera spatial noise},
  journal = {Infrared Physics {\&} Technology}
}

@article{Nguyen,
    author = {Vu L. Nguyen for Flir Systems},
    title = {FLAT FIELD CORRECTION FOR INFRARED CAMERAS},
    year = {2013},
    DOI = {https://www.freepatentsonline.com/y2013/0147966.html}
}

@article{Budding,
    author = {Budding},
    title = {Introduction to astronomical photometry},
    year = {2007}
}

@article{Bessell2005,
  doi = {10.1146/annurev.astro.41.082801.100251},
  url = {https://doi.org/10.1146/annurev.astro.41.082801.100251},
  year = {2005},
  month = sep,
  publisher = {Annual Reviews},
  volume = {43},
  number = {1},
  pages = {293--336},
  author = {Michael S. Bessell},
  title = {Standard Photometric Systems},
  journal = {Annual Review of Astronomy and Astrophysics}
}

@article{Smith2002,
  doi = {10.1086/339311},
  url = {https://doi.org/10.1086/339311},
  year = {2002},
  month = apr,
  publisher = {American Astronomical Society},
  volume = {123},
  number = {4},
  pages = {2121--2144},
  author = {J. Allyn Smith and others},
  title = {The ugriz Standard-Star System},
  journal = {The Astronomical Journal}
}

@article{PrincetonInstruments,
    author = {Teledyne Princeton Instruments},
    title = {Silicon-based CCDs: The basics, Educational Notes},
    year = {2020},
    url  = {https://www.princetoninstruments.com/learn/camera-fundamentals/ccd-the-basics}
}

@article{Possel2020,
  doi = {10.21105/astro.1905.13189},
  url = {https://doi.org/10.21105/astro.1905.13189},
  year = {2020},
  month = jan,
  publisher = {The Open Journal},
  volume = {3},
  number = {1},
  author = {Markus Possel},
  title = {A Beginner{\textquotesingle}s Guide to Working with Astronomical Data},
  journal = {The Open Journal of Astrophysics}
}

@article{Collins2017,
  doi = {10.3847/1538-3881/153/2/77},
  url = {https://doi.org/10.3847/1538-3881/153/2/77},
  year = {2017},
  month = jan,
  publisher = {American Astronomical Society},
  volume = {153},
  number = {2},
  pages = {77},
  author = {Karen A. Collins and others},
  title = {{ASTROIMAGEJ}: {IMAGE} {PROCESSING} {AND} {PHOTOMETRIC} {EXTRACTION} {FOR} {ULTRA}-{PRECISE} {ASTRONOMICAL} {LIGHT} {CURVES}},
  journal = {The Astronomical Journal}
}

@article{Lang2010,
  doi = {10.1088/0004-6256/139/5/1782},
  url = {https://doi.org/10.1088/0004-6256/139/5/1782},
  year = {2010},
  month = mar,
  publisher = {American Astronomical Society},
  volume = {139},
  number = {5},
  pages = {1782--1800},
  author = {Dustin Lang and others},
  title = {{ASTROMETRY}.{NET}: {BLIND} {ASTROMETRIC} {CALIBRATION} {OF} {ARBITRARY} {ASTRONOMICAL} {IMAGES}},
  journal = {The Astronomical Journal}
}

@article{Beroiz2020,
  doi = {10.1016/j.ascom.2020.100384},
  url = {https://doi.org/10.1016/j.ascom.2020.100384},
  year = {2020},
  month = jul,
  publisher = {Elsevier {BV}},
  volume = {32},
  pages = {100384},
  author = {M. Beroiz and others},
  title = {Astroalign: A Python module for astronomical image registration},
  journal = {Astronomy and Computing}
}

@article{Mighell,
    author = {K. J. Mighell},
    title = {CCD Aperture Photometry},
    year = {1999},
    DOI  = {http://adsabs.harvard.edu/pdf/1999ASPC..189...50M}
}

@article{Afanasev,
    author = {D. Afanasev},
    title = {Detection of Exoplanets Using the Transit Method},
    year = {2020},
    DOI  = {https://arxiv.org/pdf/1803.05565.pdf}
}


@ARTICLE{Brownsberger2020,
       author = {{Brownsberger}, Sasha and {Mondrik}, Nicholas and {Stubbs}, Christopher W.},
        title = "{Initial assessment of monocrystalline silicon solar cells as large-area sensors for precise flux calibration}",
      journal = {Journal of Astronomical Telescopes, Instruments, and Systems},
     keywords = {Astrophysics - Instrumentation and Methods for Astrophysics, Physics - Applied Physics},
         year = 2020,
        month = apr,
       volume = {6},
          eid = {026001},
        pages = {026001},
          doi = {10.1117/1.JATIS.6.2.026001},
archivePrefix = {arXiv},
       eprint = {1909.13346},
 primaryClass = {astro-ph.IM},
       adsurl = {https://ui.adsabs.harvard.edu/abs/2020JATIS...6b6001B},
      adsnote = {Provided by the SAO/NASA Astrophysics Data System}
}

@ARTICLE{Brownsberger2022,
       author = {{Brownsberger}, Sasha and {Zhang}, Lige and {Andrade}, David and {Stubbs}, Christopher W.},
        title = "{Characterization and Quantum Efficiency Determination of Monocrystalline Silicon Solar Cells as Sensors for Precise Flux Calibration}",
      journal = {Journal of Astronomical Instrumentation},
     keywords = {Instrumentation: detectors, techniques: photometric, methods: laboratory: solid state, Astrophysics - Instrumentation and Methods for Astrophysics},
         year = 2022,
        month = jan,
       volume = {11},
       number = {1},
          eid = {2250002-574},
        pages = {2250002-574},
          doi = {10.1142/S2251171722500027},
archivePrefix = {arXiv},
       eprint = {2108.09974},
 primaryClass = {astro-ph.IM},
       adsurl = {https://ui.adsabs.harvard.edu/abs/2022JAI....1150002B},
      adsnote = {Provided by the SAO/NASA Astrophysics Data System}
}


@ARTICLE{Scolnic2014,
       author = {{Scolnic}, D. and others},
        title = "{Systematic Uncertainties Associated with the Cosmological Analysis of the First Pan-STARRS1 Type Ia Supernova Sample}",
      journal = {\apj},
     keywords = {dark energy, supernovae: general, Astrophysics - Cosmology and Nongalactic Astrophysics},
         year = 2014,
        month = nov,
       volume = {795},
       number = {1},
          eid = {45},
        pages = {45},
          doi = {10.1088/0004-637X/795/1/45},
archivePrefix = {arXiv},
       eprint = {1310.3824},
 primaryClass = {astro-ph.CO},
       adsurl = {https://ui.adsabs.harvard.edu/abs/2014ApJ...795...45S},
      adsnote = {Provided by the SAO/NASA Astrophysics Data System}
}


@ARTICLE{Dhawan2022,
       author = {{Dhawan}, S. and {Goobar}, A. and {Smith}, M. and {Johansson}, J. and {Rigault}, M. and {Nordin}, J. and {Biswas}, R. and {Goldstein}, D. and {Nugent}, P. and {Kim}, Y. -L. and {Miller}, A.~A. and {Graham}, M.~J. and {Medford}, M. and {Kasliwal}, M.~M. and {Kulkarni}, S.~R. and {Duev}, Dmitry A. and {Bellm}, E. and {Rosnet}, P. and {Riddle}, R. and {Sollerman}, J.},
        title = "{The Zwicky Transient Facility Type Ia supernova survey: first data release and results}",
      journal = {\mnras},
     keywords = {surveys, supernovae: general, distance scale, Astrophysics - Cosmology and Nongalactic Astrophysics, Astrophysics - High Energy Astrophysical Phenomena},
         year = 2022,
        month = feb,
       volume = {510},
       number = {2},
        pages = {2228-2241},
          doi = {10.1093/mnras/stab3093},
archivePrefix = {arXiv},
       eprint = {2110.07256},
 primaryClass = {astro-ph.CO},
       adsurl = {https://ui.adsabs.harvard.edu/abs/2022MNRAS.510.2228D},
      adsnote = {Provided by the SAO/NASA Astrophysics Data System}
}

@ARTICLE{Dekany2020,
       author = {{Dekany}, Richard and {Smith}, Roger M. and {Riddle}, Reed and {Feeney}, Michael and {Porter}, Michael and {Hale}, David and {Zolkower}, Jeffry and {Belicki}, Justin and {Kaye}, Stephen and {Henning}, John and {Walters}, Richard and {Cromer}, John and {Delacroix}, Alex and {Rodriguez}, Hector and {Reiley}, Daniel J. and {Mao}, Peter and {Hover}, David and {Murphy}, Patrick and {Burruss}, Rick and {Baker}, John and {Kowalski}, Marek and {Reif}, Klaus and {Mueller}, Phillip and {Bellm}, Eric and {Graham}, Matthew and {Kulkarni}, Shrinivas R.},
        title = "{The Zwicky Transient Facility: Observing System}",
      journal = {\pasp},
     keywords = {instrumentation: detectors, instrumentation: miscellaneous, methods: observational, surveys, techniques: photometric, time, Astrophysics - Instrumentation and Methods for Astrophysics, Physics - Instrumentation and Detectors, Physics - Optics},
         year = 2020,
        month = mar,
       volume = {132},
       number = {1009},
          eid = {038001},
        pages = {038001},
          doi = {10.1088/1538-3873/ab4ca2},
archivePrefix = {arXiv},
       eprint = {2008.04923},
 primaryClass = {astro-ph.IM},
       adsurl = {https://ui.adsabs.harvard.edu/abs/2020PASP..132c8001D},
      adsnote = {Provided by the SAO/NASA Astrophysics Data System}
}


@ARTICLE{Bellm2019,
       author = {{Bellm}, Eric C. and {Kulkarni}, Shrinivas R. and {Graham}, Matthew J. and {Dekany}, Richard and {Smith}, Roger M. and {Riddle}, Reed and {Masci}, Frank J. and {Helou}, George and {Prince}, Thomas A. and {Adams}, Scott M. and {Barbarino}, C. and {Barlow}, Tom and {Bauer}, James and {Beck}, Ron and {Belicki}, Justin and {Biswas}, Rahul and {Blagorodnova}, Nadejda and {Bodewits}, Dennis and {Bolin}, Bryce and {Brinnel}, Valery and {Brooke}, Tim and {Bue}, Brian and {Bulla}, Mattia and {Burruss}, Rick and {Cenko}, S. Bradley and {Chang}, Chan-Kao and {Connolly}, Andrew and {Coughlin}, Michael and {Cromer}, John and {Cunningham}, Virginia and {De}, Kishalay and {Delacroix}, Alex and {Desai}, Vandana and {Duev}, Dmitry A. and {Eadie}, Gwendolyn and {Farnham}, Tony L. and {Feeney}, Michael and {Feindt}, Ulrich and {Flynn}, David and {Franckowiak}, Anna and {Frederick}, S. and {Fremling}, C. and {Gal-Yam}, Avishay and {Gezari}, Suvi and {Giomi}, Matteo and {Goldstein}, Daniel A. and {Golkhou}, V. Zach and {Goobar}, Ariel and {Groom}, Steven and {Hacopians}, Eugean and {Hale}, David and {Henning}, John and {Ho}, Anna Y.~Q. and {Hover}, David and {Howell}, Justin and {Hung}, Tiara and {Huppenkothen}, Daniela and {Imel}, David and {Ip}, Wing-Huen and {Ivezi{\'c}}, {\v{Z}}eljko and {Jackson}, Edward and {Jones}, Lynne and {Juric}, Mario and {Kasliwal}, Mansi M. and {Kaspi}, S. and {Kaye}, Stephen and {Kelley}, Michael S.~P. and {Kowalski}, Marek and {Kramer}, Emily and {Kupfer}, Thomas and {Landry}, Walter and {Laher}, Russ R. and {Lee}, Chien-De and {Lin}, Hsing Wen and {Lin}, Zhong-Yi and {Lunnan}, Ragnhild and {Giomi}, Matteo and {Mahabal}, Ashish and {Mao}, Peter and {Miller}, Adam A. and {Monkewitz}, Serge and {Murphy}, Patrick and {Ngeow}, Chow-Choong and {Nordin}, Jakob and {Nugent}, Peter and {Ofek}, Eran and {Patterson}, Maria T. and {Penprase}, Bryan and {Porter}, Michael and {Rauch}, Ludwig and {Rebbapragada}, Umaa and {Reiley}, Dan and {Rigault}, Mickael and {Rodriguez}, Hector and {van Roestel}, Jan and {Rusholme}, Ben and {van Santen}, Jakob and {Schulze}, S. and {Shupe}, David L. and {Singer}, Leo P. and {Soumagnac}, Maayane T. and {Stein}, Robert and {Surace}, Jason and {Sollerman}, Jesper and {Szkody}, Paula and {Taddia}, F. and {Terek}, Scott and {Van Sistine}, Angela and {van Velzen}, Sjoert and {Vestrand}, W. Thomas and {Walters}, Richard and {Ward}, Charlotte and {Ye}, Quan-Zhi and {Yu}, Po-Chieh and {Yan}, Lin and {Zolkower}, Jeffry},
        title = "{The Zwicky Transient Facility: System Overview, Performance, and First Results}",
      journal = {\pasp},
     keywords = {Astrophysics - Instrumentation and Methods for Astrophysics},
         year = 2019,
        month = jan,
       volume = {131},
       number = {995},
        pages = {018002},
          doi = {10.1088/1538-3873/aaecbe},
archivePrefix = {arXiv},
       eprint = {1902.01932},
 primaryClass = {astro-ph.IM},
       adsurl = {https://ui.adsabs.harvard.edu/abs/2019PASP..131a8002B},
      adsnote = {Provided by the SAO/NASA Astrophysics Data System}
}

@ARTICLE{Souverin2022,
       author = {{Souverin}, Thierry and {Neveu}, J{\'e}r{\'e}my and {Betoule}, Marc and {Bongard}, S{\'e}bastien and {Brownsberger}, Sasha and {Cohen-Tanugi}, Johann and {Dagoret-Campagne}, Sylvie and {Feinstein}, Fabrice and {Juramy}, Claire and {Le Guillou}, Laurent and {Le Van Suu}, Auguste and {Blanc}, Pierre Eric and {Hazenberg}, Fran{\c{c}}ois and {Nuss}, Eric and {Plez}, Bertrand and {Sepulveda}, Eduardo and {Sommer}, K{\'e}lian and {Stubbs}, Christopher and {Regnault}, Nicolas and {Urbach}, Elana},
        title = "{Measurement of telescope transmission using a Collimated Beam Projector}",
      journal = {arXiv e-prints},
     keywords = {Astrophysics - Instrumentation and Methods for Astrophysics},
         year = 2022,
        month = jun,
          eid = {arXiv:2206.07530},
        pages = {arXiv:2206.07530},
archivePrefix = {arXiv},
       eprint = {2206.07530},
 primaryClass = {astro-ph.IM},
       adsurl = {https://ui.adsabs.harvard.edu/abs/2022arXiv220607530S},
      adsnote = {Provided by the SAO/NASA Astrophysics Data System}
}

@misc{xenon_lightsource,
    author = {Spectral Products},
    title = {ASB-Xe-175 Light Source},
    howpublished = "\url{https://www.spectralproducts.com/ASB_Xe_175/3495}"
}

@misc{cornerstone130,
    author = {Newport},
    title = {Cornerstone 130 1/8m High Resolution Monochromators},
    howpublished = "\url{https://www.newport.com/f/cs130-high-resolution-monochromators}"
}

@misc{grating1,
    author = {Newport},
    title = {Diffraction Grating, Cornerstone 130, Ruled, 2400 l/mm, 275 nm blaze, 200-800 nm},
    howpublished = "\url{https://www.newport.com/p/74021}"
}

@misc{longpassfilter,
    author = {Thorlabs},
    title = {Thorlabs FEL0550 - 1" Longpass Filter, Cut-On Wavelength: 550 nm},
    howpublished = "\url{https://www.thorlabs.com/thorproduct.cfm?partnumber=FEL0550}"
}

@misc{lens1,
    author = {Thorlabs},
    title = {LA1050 - N-BK7 Plano-Convex Lens, 2", f = 100 mm, Uncoated },
    howpublished = "\url{https://www.thorlabs.com/thorproduct.cfm?partnumber=LA1050}"
}

@misc{arduinonano,
    author = {Arduino},
    title = {Arduino Nano},
    howpublished = "\url{https://store.arduino.cc/products/arduino-nano}"
}

@misc{integratingsphere,
    author = {Thorlabs},
    title = {Thorlabs 2P4/M General-Purpose 50 mm Integrating Spheres},
    howpublished = "\url{https://www.thorlabs.com/newgrouppage9.cfm?objectgroup_id=1658}"
}

@misc{photodiode1,
    author = {Thorlabs},
    title = {Thorlabs SM05PD1B - Large Area Mounted Silicon Photodiode, 350-1100 nm, Anode Grounded},
    howpublished = "\url{https://www.thorlabs.com/thorproduct.cfm?partnumber=SM05PD1B}"
}

@misc{CBPtelescope,
    author = {Omegon},
    title = {Ritchey-Chretien Pro RC 154/1370 OTA},
    howpublished = "\url{https://www.omegon.eu/telescopes/omegon-ritchey-chretien-pro-rc-154-1370-ota/p,53809}"
}

@misc{spectrothorlabs,
    author = {Thorlabs},
    title = {CCS200/M - Compact Spectrometer, Extended Range: 200 - 1000 nm, Metric },
    howpublished = "\url{https://www.thorlabs.com/thorproduct.cfm?partnumber=CCS200/M}"
}

@misc{sunpowerc60,
    author = {SunPower},
    title = {MAXEON™ GEN III SOLAR CELLS},
    howpublished = "\url{https://us.sunpower.com/solar-resources/sunpower-maxeon-gen-iii-solar-cells}"
}

@misc{keithley6514,
    author = {Keithley},
    title = {Model 6514 System Electrometer Instruction Manual},
    howpublished = "\url{https://www.tek.com/fr/low-level-sensitive-and-specialty-instruments/high-resistance-low-current-electrometers-series-650-5}"
}

@misc{keysight2987A,
    author = {Keysight},
    title = {Keysight B2987A electrometer / high resistance meter},
    howpublished = "\url{https://www.keysight.com/us/en/support/B2987A/electrometer-high-resistance-meter-0-0-1fa-battery.html}"
}


@ARTICLE{scipy,
  author  = {Virtanen, Pauli and Gommers, Ralf and Oliphant, Travis E. and
            Haberland, Matt and Reddy, Tyler and Cournapeau, David and
            Burovski, Evgeni and Peterson, Pearu and Weckesser, Warren and
            Bright, Jonathan and {van der Walt}, St{\'e}fan J. and
            Brett, Matthew and Wilson, Joshua and Millman, K. Jarrod and
            Mayorov, Nikolay and Nelson, Andrew R. J. and Jones, Eric and
            Kern, Robert and Larson, Eric and Carey, C J and
            Polat, {\.I}lhan and Feng, Yu and Moore, Eric W. and
            {VanderPlas}, Jake and Laxalde, Denis and Perktold, Josef and
            Cimrman, Robert and Henriksen, Ian and Quintero, E. A. and
            Harris, Charles R. and Archibald, Anne M. and
            Ribeiro, Ant{\^o}nio H. and Pedregosa, Fabian and
            {van Mulbregt}, Paul and {SciPy 1.0 Contributors}},
  title   = {{{SciPy} 1.0: Fundamental Algorithms for Scientific
            Computing in Python}},
  journal = {Nature Methods},
  year    = {2020},
  volume  = {17},
  pages   = {261--272},
  adsurl  = {https://rdcu.be/b08Wh},
  doi     = {10.1038/s41592-019-0686-2},
}


@ARTICLE{Stubbs2006,
       author = {{Stubbs}, Christopher W. and {Tonry}, John L.},
        title = "{Toward 1\% Photometry: End-to-End Calibration of Astronomical Telescopes and Detectors}",
      journal = {\apj},
     keywords = {Atmospheric Effects, Instrumentation: Detectors, Instrumentation: Photometers, Astrophysics},
         year = 2006,
        month = aug,
       volume = {646},
       number = {2},
        pages = {1436-1444},
          doi = {10.1086/505138},
archivePrefix = {arXiv},
       eprint = {astro-ph/0604285},
 primaryClass = {astro-ph},
       adsurl = {https://ui.adsabs.harvard.edu/abs/2006ApJ...646.1436S},
      adsnote = {Provided by the SAO/NASA Astrophysics Data System}
}

@ARTICLE{Coughlin2016,
	doi = {10.1117/12.2231677},
	url = {https://doi.org/10.1117%2F12.2231677},
	year = 2016,
	month = {jul},
	publisher = {{SPIE}},
	author = {Michael Coughlin and T. M. C. Abbott and Kairn Brannon and Chuck Claver and Peter Doherty and Merlin Fisher-Levine and Patrick Ingraham and Robert Lupton and Nicholas Mondrik and Christopher Stubbs},
	editor = {Alison B. Peck and Robert L. Seaman and Chris R. Benn},
	title = {A collimated beam projector for precise telescope calibration},
	booktitle = {Observatory Operations: Strategies, Processes, and Systems {VI}}
}


@ARTICLE{Stubbs2015,
       author = {{Stubbs}, Christopher W. and {Brown}, Yorke J.},
        title = "{Precise astronomical flux calibration and its impact on studying the nature of the dark energy}",
      journal = {Modern Physics Letters A},
     keywords = {Instrumentation: detectors, methods: data analysis, techniques: image processing, 04.00.00, 95.00.00, General relativity and gravitation, Fundamental astronomy and astrophysics, instrumentation techniques and astronomical observations, Astrophysics - Instrumentation and Methods for Astrophysics, Astrophysics - Cosmology and Nongalactic Astrophysics},
         year = 2015,
        month = dec,
       volume = {30},
       number = {40},
          eid = {1530030},
        pages = {1530030},
          doi = {10.1142/S021773231530030X},
archivePrefix = {arXiv},
       eprint = {1601.04052},
 primaryClass = {astro-ph.IM},
       adsurl = {https://ui.adsabs.harvard.edu/abs/2015MPLA...3030030S},
      adsnote = {Provided by the SAO/NASA Astrophysics Data System}
}

@ARTICLE{Stubbs2010,
       author = {{Stubbs}, Christopher W. and {Doherty}, Peter and {Cramer}, Claire and {Narayan}, Gautham and {Brown}, Yorke J. and {Lykke}, Keith R. and {Woodward}, John T. and {Tonry}, John L.},
        title = "{Precise Throughput Determination of the PanSTARRS Telescope and the Gigapixel Imager Using a Calibrated Silicon Photodiode and a Tunable Laser: Initial Results}",
      journal = {\apjs},
     keywords = {instrumentation: detectors, instrumentation: photometers, surveys, techniques: photometric, Astrophysics - Instrumentation and Methods for Astrophysics},
         year = 2010,
        month = dec,
       volume = {191},
       number = {2},
        pages = {376-388},
          doi = {10.1088/0067-0049/191/2/376},
archivePrefix = {arXiv},
       eprint = {1003.3465},
 primaryClass = {astro-ph.IM},
       adsurl = {https://ui.adsabs.harvard.edu/abs/2010ApJS..191..376S},
      adsnote = {Provided by the SAO/NASA Astrophysics Data System}
}

@ARTICLE{Regnault2015,
       author = {{Regnault}, N. and {Guyonnet}, A. and {Schahman{\`e}che}, K. and {Le Guillou}, L. and {Antilogus}, P. and {Astier}, P. and {Barrelet}, E. and {Betoule}, M. and {Bongard}, S. and {Cuillandre}, J. -C. and {Juramy}, C. and {Pain}, R. and {Rocci}, P. -F. and {Tisserand}, P. and {Villa}, F.},
        title = "{The DICE calibration project Design, characterization, and first results}",
      journal = {\aap},
     keywords = {methods: data analysis, telescopes, techniques: photometric, instrumentation: miscellaneous, Astrophysics - Instrumentation and Methods for Astrophysics, Astrophysics - Cosmology and Nongalactic Astrophysics},
         year = 2015,
        month = sep,
       volume = {581},
          eid = {A45},
        pages = {A45},
          doi = {10.1051/0004-6361/201424471},
archivePrefix = {arXiv},
       eprint = {1506.08212},
 primaryClass = {astro-ph.IM},
       adsurl = {https://ui.adsabs.harvard.edu/abs/2015A&A...581A..45R},
      adsnote = {Provided by the SAO/NASA Astrophysics Data System}
}

@ARTICLE{Marshall2013,
       author = {{Marshall}, J.~L. and {Rheault}, Jean-Philippe and {DePoy}, D.~L. and {Prochaska}, Travis and {Allen}, Richard and {Behm}, Tyler W. and {Martin}, Emily C. and {Veal}, Brannon and {Villanueva}, Steven, Jr. and {Williams}, Patrick and {Wise}, Jason},
        title = "{DECal: A Spectrophotometric Calibration System For DECam}",
      journal = {arXiv e-prints},
     keywords = {Astrophysics - Instrumentation and Methods for Astrophysics},
         year = 2013,
        month = feb,
          eid = {arXiv:1302.5720},
        pages = {arXiv:1302.5720},
archivePrefix = {arXiv},
       eprint = {1302.5720},
 primaryClass = {astro-ph.IM},
       adsurl = {https://ui.adsabs.harvard.edu/abs/2013arXiv1302.5720M},
      adsnote = {Provided by the SAO/NASA Astrophysics Data System}
}

@ARTICLE{Bohlin2014_2,
       author = {{Bohlin}, Ralph C. and {Gordon}, Karl D. and {Tremblay}, P. -E.},
        title = "{Techniques and Review of Absolute Flux Calibration from the Ultraviolet to the Mid-Infrared}",
      journal = {\pasp},
     keywords = {Astrophysics - Instrumentation and Methods for Astrophysics, Astrophysics - Solar and Stellar Astrophysics},
         year = 2014,
        month = aug,
       volume = {126},
       number = {942},
        pages = {711},
          doi = {10.1086/677655},
archivePrefix = {arXiv},
       eprint = {1406.1707},
 primaryClass = {astro-ph.IM},
       adsurl = {https://ui.adsabs.harvard.edu/abs/2014PASP..126..711B},
      adsnote = {Provided by the SAO/NASA Astrophysics Data System}
}

@ARTICLE{Doi2010,
       author = {{Doi}, Mamoru and {Tanaka}, Masayuki and {Fukugita}, Masataka and {Gunn}, James E. and {Yasuda}, Naoki and {Ivezi{\'c}}, {\v{Z}}eljko and {Brinkmann}, Jon and {de Haars}, Ernst and {Kleinman}, S.~J. and {Krzesinski}, Jurek and {French Leger}, R.},
        title = "{Photometric Response Functions of the Sloan Digital Sky Survey Imager}",
      journal = {\aj},
     keywords = {galaxies: photometry, surveys, techniques: photometric, Astrophysics - Instrumentation and Methods for Astrophysics},
         year = 2010,
        month = apr,
       volume = {139},
       number = {4},
        pages = {1628-1648},
          doi = {10.1088/0004-6256/139/4/1628},
archivePrefix = {arXiv},
       eprint = {1002.3701},
 primaryClass = {astro-ph.IM},
       adsurl = {https://ui.adsabs.harvard.edu/abs/2010AJ....139.1628D},
      adsnote = {Provided by the SAO/NASA Astrophysics Data System}
}

@ARTICLE{Mazzali2007,
       author = {{Mazzali}, Paolo A. and {R{\"o}pke}, Friedrich K. and {Benetti}, Stefano and {Hillebrandt}, Wolfgang},
        title = "{A Common Explosion Mechanism for Type Ia Supernovae}",
      journal = {Science},
     keywords = {ASTRONOMY, Astrophysics},
         year = 2007,
        month = feb,
       volume = {315},
       number = {5813},
        pages = {825},
          doi = {10.1126/science.1136259},
archivePrefix = {arXiv},
       eprint = {astro-ph/0702351},
 primaryClass = {astro-ph},
       adsurl = {https://ui.adsabs.harvard.edu/abs/2007Sci...315..825M},
      adsnote = {Provided by the SAO/NASA Astrophysics Data System}
}

@ARTICLE{Hillebrandt2000,
       author = {{Hillebrandt}, Wolfgang and {Niemeyer}, Jens C.},
        title = "{Type IA Supernova Explosion Models}",
      journal = {\araa},
     keywords = {STELLAR EVOLUTION, HYDRODYNAMICS, Astrophysics},
         year = 2000,
        month = jan,
       volume = {38},
        pages = {191-230},
          doi = {10.1146/annurev.astro.38.1.191},
archivePrefix = {arXiv},
       eprint = {astro-ph/0006305},
 primaryClass = {astro-ph},
       adsurl = {https://ui.adsabs.harvard.edu/abs/2000ARA&A..38..191H},
      adsnote = {Provided by the SAO/NASA Astrophysics Data System}
}

@article{Murray1949,
    author = {Allen E. Murray},
    journal = {J. Opt. Soc. Am.},
    keywords = {Ghost imaging; Ghost reflections; Image quality; Optical surfaces; Optical systems; Projection systems},
    number = {1},
    pages = {30--35},
    publisher = {Optica Publishing Group},
    title = {Reflected Light and Ghosts in Optical Systems},
    volume = {39},
    month = {Jan},
    year = {1949},
    url = {https://opg.optica.org/abstract.cfm?URI=josa-39-1-30},
    doi = {10.1364/JOSA.39.000030}
}

@software{lmfit,
  author       = {Matt Newville and
                  Renee Otten and
                  Andrew Nelson and
                  Till Stensitzki and
                  Antonino Ingargiola and
                  Dan Allan and
                  Austin Fox and
                  Faustin Carter and
                  Michał and
                  Ray Osborn and
                  Dima Pustakhod and
                  lneuhaus and
                  Sebastian Weigand and
                  Andrey Aristov and
                  Glenn and
                  Christoph Deil and
                  Mark and
                  Allan L. R. Hansen and
                  Gustavo Pasquevich and
                  Leon Foks and
                  Nicholas Zobrist and
                  Oliver Frost and
                  Stuermer and
                  azelcer and
                  Anthony Polloreno and
                  Arun Persaud and
                  Jens Hedegaard Nielsen and
                  Matteo Pompili and
                  Shane Caldwell and
                  Anselm Hahn},
  title        = {lmfit/lmfit-py: 1.1.0},
  month        = nov,
  year         = 2022,
  publisher    = {Zenodo},
  version      = {1.1.0},
  doi          = {10.5281/zenodo.7370358},
  url          = {https://doi.org/10.5281/zenodo.7370358}
}


@ARTICLE{Perlmutter1999,
       author = {{Perlmutter}, S. and {Aldering}, G. and {Goldhaber}, G. and {Knop}, R.~A. and {Nugent}, P. and {Castro}, P.~G. and {Deustua}, S. and {Fabbro}, S. and {Goobar}, A. and {Groom}, D.~E. and {Hook}, I.~M. and {Kim}, A.~G. and {Kim}, M.~Y. and {Lee}, J.~C. and {Nunes}, N.~J. and {Pain}, R. and {Pennypacker}, C.~R. and {Quimby}, R. and {Lidman}, C. and {Ellis}, R.~S. and {Irwin}, M. and {McMahon}, R.~G. and {Ruiz-Lapuente}, P. and {Walton}, N. and {Schaefer}, B. and {Boyle}, B.~J. and {Filippenko}, A.~V. and {Matheson}, T. and {Fruchter}, A.~S. and {Panagia}, N. and {Newberg}, H.~J.~M. and {Couch}, W.~J. and {Project}, The Supernova Cosmology},
        title = "{Measurements of {\ensuremath{\Omega}} and {\ensuremath{\Lambda}} from 42 High-Redshift Supernovae}",
      journal = {\apj},
     keywords = {COSMOLOGY: OBSERVATIONS, COSMOLOGY: DISTANCE SCALE, STARS: SUPERNOVAE: GENERAL, Cosmology: Observations, Cosmology: Distance Scale, Stars: Supernovae: General, Astrophysics, High Energy Physics - Experiment, High Energy Physics - Phenomenology},
         year = 1999,
        month = jun,
       volume = {517},
       number = {2},
        pages = {565-586},
          doi = {10.1086/307221},
archivePrefix = {arXiv},
       eprint = {astro-ph/9812133},
 primaryClass = {astro-ph},
       adsurl = {https://ui.adsabs.harvard.edu/abs/1999ApJ...517..565P},
      adsnote = {Provided by the SAO/NASA Astrophysics Data System}
}

@ARTICLE{Schmidt1998,
       author = {{Schmidt}, Brian P. and {Suntzeff}, Nicholas B. and {Phillips}, M.~M. and {Schommer}, Robert A. and {Clocchiatti}, Alejandro and {Kirshner}, Robert P. and {Garnavich}, Peter and {Challis}, Peter and {Leibundgut}, B. and {Spyromilio}, J. and {Riess}, Adam G. and {Filippenko}, Alexei V. and {Hamuy}, Mario and {Smith}, R. Chris and {Hogan}, Craig and {Stubbs}, Christopher and {Diercks}, Alan and {Reiss}, David and {Gilliland}, Ron and {Tonry}, John and {Maza}, Jos{\'e} and {Dressler}, A. and {Walsh}, J. and {Ciardullo}, R.},
        title = "{The High-Z Supernova Search: Measuring Cosmic Deceleration and Global Curvature of the Universe Using Type IA Supernovae}",
      journal = {\apj},
     keywords = {COSMOLOGY: OBSERVATIONS, GALAXIES: DISTANCES AND REDSHIFTS, STARS: SUPERNOVAE: GENERAL, STARS: SUPERNOVAE: INDIVIDUAL: ALPHANUMERIC: SN 1995K, Cosmology: Observations, Galaxies: Distances and Redshifts, Stars: Supernovae: General, Stars: Supernovae: Individual: Alphanumeric: SN 1995K, Astrophysics},
         year = 1998,
        month = nov,
       volume = {507},
       number = {1},
        pages = {46-63},
          doi = {10.1086/306308},
archivePrefix = {arXiv},
       eprint = {astro-ph/9805200},
 primaryClass = {astro-ph},
       adsurl = {https://ui.adsabs.harvard.edu/abs/1998ApJ...507...46S},
      adsnote = {Provided by the SAO/NASA Astrophysics Data System}
}

@ARTICLE{Copeland2006,
       author = {{Copeland}, Edmund J. and {Sami}, M. and {Tsujikawa}, Shinji},
        title = "{Dynamics of Dark Energy}",
      journal = {International Journal of Modern Physics D},
     keywords = {Dark energy, cosmological constant, scalar fields, particle physics, modified gravity, High Energy Physics - Theory, Astrophysics, General Relativity and Quantum Cosmology, High Energy Physics - Phenomenology},
         year = 2006,
        month = jan,
       volume = {15},
       number = {11},
        pages = {1753-1935},
          doi = {10.1142/S021827180600942X},
archivePrefix = {arXiv},
       eprint = {hep-th/0603057},
 primaryClass = {hep-th},
       adsurl = {https://ui.adsabs.harvard.edu/abs/2006IJMPD..15.1753C},
      adsnote = {Provided by the SAO/NASA Astrophysics Data System}
}

@article{Scolnic2018,
	doi = {10.3847/1538-4357/aab9bb},
  
	url = {https://doi.org/10.3847%2F1538-4357%2Faab9bb},
  
	year = 2018,
	month = {may},
  
	publisher = {American Astronomical Society},
  
	volume = {859},
  
	number = {2},
  
	pages = {101},
  
	author = {D. M. Scolnic and D. O. Jones and A. Rest and Y. C. Pan and R. Chornock and R. J. Foley and M. E. Huber and R. Kessler and G. Narayan and A. G. Riess and S. Rodney and E. Berger and D. J. Brout and P. J. Challis and M. Drout and D. Finkbeiner and R. Lunnan and R. P. Kirshner and N. E. Sanders and E. Schlafly and S. Smartt and C. W. Stubbs and J. Tonry and W. M. Wood-Vasey and M. Foley and J. Hand and E. Johnson and W. S. Burgett and K. C. Chambers and P. W. Draper and K. W. Hodapp and N. Kaiser and R. P. Kudritzki and E. A. Magnier and N. Metcalfe and F. Bresolin and E. Gall and R. Kotak and M. McCrum and K. W. Smith},
  
	title = {The Complete Light-curve Sample of Spectroscopically Confirmed {SNe} Ia from Pan-{STARRS}1 and Cosmological Constraints from the Combined Pantheon Sample},
  
	journal = {The Astrophysical Journal}
}

@ARTICLE{Hooge1994,
  author={Hooge, F.N.},
  journal={IEEE Transactions on Electron Devices}, 
  title={1/f noise sources}, 
  year={1994},
  volume={41},
  number={11},
  pages={1926-1935},
  doi={10.1109/16.333808}
}

@article{Raychaudhuri2002,
    title = {Measurement of 1/f noise and its application in materials science},
    journal = {Current Opinion in Solid State and Materials Science},
    volume = {6},
    number = {1},
    pages = {67-85},
    year = {2002},
    issn = {1359-0286},
    doi = {https://doi.org/10.1016/S1359-0286(02)00025-6},
    url = {https://www.sciencedirect.com/science/article/pii/S1359028602000256},
    author = {A.K. Raychaudhuri}
}

@article{Schottky1918,
    author = {Schottky, W.},
    title = {Über spontane Stromschwankungen in verschiedenen Elektrizitätsleitern},
    journal = {Annalen der Physik},
    volume = {362},
    number = {23},
    pages = {541-567},
    doi = {https://doi.org/10.1002/andp.19183622304},
    url = {https://onlinelibrary.wiley.com/doi/abs/10.1002/andp.19183622304},
    eprint = {https://onlinelibrary.wiley.com/doi/pdf/10.1002/andp.19183622304},
    year = {1918}
}

@ARTICLE{shotnoise,
       author = {{Chen}, Xiangcheng},
        title = "{On Schottky Noise and Shot Noise}",
      journal = {arXiv e-prints},
     keywords = {Physics - Instrumentation and Detectors, Physics - Data Analysis, Statistics and Probability},
         year = 2018,
        month = may,
          eid = {arXiv:1805.12207},
        pages = {arXiv:1805.12207},
          doi = {10.48550/arXiv.1805.12207},
archivePrefix = {arXiv},
       eprint = {1805.12207},
 primaryClass = {physics.ins-det},
       adsurl = {https://ui.adsabs.harvard.edu/abs/2018arXiv180512207C},
      adsnote = {Provided by the SAO/NASA Astrophysics Data System}
}

@article{thermalnoise,
  title = {Thermal Agitation of Electricity in Conductors},
  author = {Johnson, J. B.},
  journal = {Phys. Rev.},
  volume = {32},
  issue = {1},
  pages = {97--109},
  numpages = {0},
  year = {1928},
  month = {Jul},
  publisher = {American Physical Society},
  doi = {10.1103/PhysRev.32.97},
  url = {https://link.aps.org/doi/10.1103/PhysRev.32.97}
}

@ARTICLE{lsstsciencebook,
       author = {{LSST Science Collaboration}},
        title = "{LSST Science Book, Version 2.0}",
      journal = {arXiv e-prints},
     keywords = {Astrophysics - Instrumentation and Methods for Astrophysics, Astrophysics - Cosmology and Extragalactic Astrophysics, Astrophysics - Earth and Planetary Astrophysics, Astrophysics - Galaxy Astrophysics, Astrophysics - Solar and Stellar Astrophysics},
         year = 2009,
        month = dec,
          eid = {arXiv:0912.0201},
        pages = {arXiv:0912.0201},
          doi = {10.48550/arXiv.0912.0201},
archivePrefix = {arXiv},
       eprint = {0912.0201},
 primaryClass = {astro-ph.IM},
       adsurl = {https://ui.adsabs.harvard.edu/abs/2009arXiv0912.0201L},
      adsnote = {Provided by the SAO/NASA Astrophysics Data System}
}

@ARTICLE{stardice1,
       author = {{Betoule}, Marc and {Antier}, Sarah and {Bertin}, Emmanuel and {{\'E}ric Blanc}, Pierre and {Bongard}, S{\'e}bastien and {Cohen Tanugi}, Johann and {Dagoret-Campagne}, Sylvie and {Feinstein}, Fabrice and {Hardin}, Delphine and {Juramy}, Claire and {Le Guillou}, Laurent and {Le Van Suu}, Auguste and {Moniez}, Marc and {Neveu}, J{\'e}r{\'e}my and {Nuss}, {\'E}ric and {Plez}, Bertrand and {Regnault}, Nicolas and {Sepulveda}, Eduardo and {Sommer}, K{\'e}lian and {Souverin}, Thierry and {Wang}, Xiao Feng},
        title = "{StarDICE I: sensor calibration bench and absolute photometric calibration of a Sony IMX411 sensor}",
      journal = {arXiv e-prints},
     keywords = {Astrophysics - Instrumentation and Methods for Astrophysics},
         year = 2022,
        month = nov,
          eid = {arXiv:2211.04913},
        pages = {arXiv:2211.04913},
          doi = {10.48550/arXiv.2211.04913},
archivePrefix = {arXiv},
       eprint = {2211.04913},
 primaryClass = {astro-ph.IM},
       adsurl = {https://ui.adsabs.harvard.edu/abs/2022arXiv221104913B},
      adsnote = {Provided by the SAO/NASA Astrophysics Data System}
}

@ARTICLE{Oke1983,
       author = {{Oke}, J.~B. and {Gunn}, J.~E.},
        title = "{Secondary standard stars for absolute spectrophotometry.}",
      journal = {\apj},
     keywords = {Reference Stars, Spectral Energy Distribution, Stellar Spectrophotometry, Subdwarf Stars, Calibrating, Line Spectra, Astronomy},
         year = 1983,
        month = mar,
       volume = {266},
        pages = {713-717},
          doi = {10.1086/160817},
       adsurl = {https://ui.adsabs.harvard.edu/abs/1983ApJ...266..713O},
      adsnote = {Provided by the SAO/NASA Astrophysics Data System}
}

@article{Korde87,
    author = {Raj Korde and Jon Geist},
    journal = {Appl. Opt.},
    keywords = {Antireflection coatings; Photodiodes; Process control; Quantum efficiency; Silica; Ultraviolet radiation},
    number = {24},
    pages = {5284--5290},
    publisher = {Optica Publishing Group},
    title = {Quantum efficiency stability of silicon photodiodes},
    volume = {26},
    month = {Dec},
    year = {1987},
    url = {https://opg.optica.org/ao/abstract.cfm?URI=ao-26-24-5284},
    doi = {10.1364/AO.26.005284}
}

@article{Eppeldauer90,
    author = {George Eppeldauer},
    journal = {Appl. Opt.},
    keywords = {Calibration; Light intensity; Photometry; Radiation detectors; Silicon detectors; Spectral calibration},
    number = {15},
    pages = {2289--2294},
    publisher = {Optica Publishing Group},
    title = {Longterm changes of silicon photodiodes and their use for photometric standardization},
    volume = {29},
    month = {May},
    year = {1990},
    url = {https://opg.optica.org/ao/abstract.cfm?URI=ao-29-15-2289},
    doi = {10.1364/AO.29.002289}
}

@article{Werner1998,
    doi = {10.1088/0026-1394/35/4/32},
    url = {https://dx.doi.org/10.1088/0026-1394/35/4/32},
    year = {1998},
    month = {aug},
    publisher = {},
    volume = {35},
    number = {4},
    pages = {407},
    author = {L Werner},
    title = {Ultraviolet stability of silicon photodiodes},
    journal = {Metrologia}
}

@misc{Larason2008,
  author = {Thomas Larason and Jeanne Houston},
  title = {Spectroradiometric Detector Measurements: Ultraviolet, Visible, and Near Infrared Detectors for Spectral Power},
  year = {2008},
  number = {250-41},
  month = {2008-10-01},
  publisher = {Special Publication (NIST SP), National Institute of Standards and Technology, Gaithersburg, MD},
  url = {https://tsapps.nist.gov/publication/get_pdf.cfm?pub_id=841061},
  language = {en},
}

@article{Bohlin2020,
	doi = {10.3847/1538-3881/ab94b4},
	url = {https://doi.org/10.3847%2F1538-3881%2Fab94b4},
	year = 2020,
	month = {jun},
	publisher = {American Astronomical Society},
	volume = {160},
	number = {1},
	pages = {21},
	author = {Ralph C. Bohlin and Ivan Hubeny and Thomas Rauch},
	title = {New Grids of Pure-hydrogen White Dwarf {NLTE} Model Atmospheres and the {HST}/{STIS} Flux Calibration},
	journal = {The Astronomical Journal}
}

@ARTICLE{DECam2015,
       author = {{Flaugher}, B. and {Diehl}, H.~T. and {Honscheid}, K. and {Abbott}, T.~M.~C. and {Alvarez}, O. and {Angstadt}, R. and {Annis}, J.~T. and {Antonik}, M. and {Ballester}, O. and {Beaufore}, L. and {Bernstein}, G.~M. and {Bernstein}, R.~A. and {Bigelow}, B. and {Bonati}, M. and {Boprie}, D. and {Brooks}, D. and {Buckley-Geer}, E.~J. and {Campa}, J. and {Cardiel-Sas}, L. and {Castander}, F.~J. and {Castilla}, J. and {Cease}, H. and {Cela-Ruiz}, J.~M. and {Chappa}, S. and {Chi}, E. and {Cooper}, C. and {da Costa}, L.~N. and {Dede}, E. and {Derylo}, G. and {DePoy}, D.~L. and {de Vicente}, J. and {Doel}, P. and {Drlica-Wagner}, A. and {Eiting}, J. and {Elliott}, A.~E. and {Emes}, J. and {Estrada}, J. and {Fausti Neto}, A. and {Finley}, D.~A. and {Flores}, R. and {Frieman}, J. and {Gerdes}, D. and {Gladders}, M.~D. and {Gregory}, B. and {Gutierrez}, G.~R. and {Hao}, J. and {Holland}, S.~E. and {Holm}, S. and {Huffman}, D. and {Jackson}, C. and {James}, D.~J. and {Jonas}, M. and {Karcher}, A. and {Karliner}, I. and {Kent}, S. and {Kessler}, R. and {Kozlovsky}, M. and {Kron}, R.~G. and {Kubik}, D. and {Kuehn}, K. and {Kuhlmann}, S. and {Kuk}, K. and {Lahav}, O. and {Lathrop}, A. and {Lee}, J. and {Levi}, M.~E. and {Lewis}, P. and {Li}, T.~S. and {Mandrichenko}, I. and {Marshall}, J.~L. and {Martinez}, G. and {Merritt}, K.~W. and {Miquel}, R. and {Mu{\~n}oz}, F. and {Neilsen}, E.~H. and {Nichol}, R.~C. and {Nord}, B. and {Ogando}, R. and {Olsen}, J. and {Palaio}, N. and {Patton}, K. and {Peoples}, J. and {Plazas}, A.~A. and {Rauch}, J. and {Reil}, K. and {Rheault}, J. -P. and {Roe}, N.~A. and {Rogers}, H. and {Roodman}, A. and {Sanchez}, E. and {Scarpine}, V. and {Schindler}, R.~H. and {Schmidt}, R. and {Schmitt}, R. and {Schubnell}, M. and {Schultz}, K. and {Schurter}, P. and {Scott}, L. and {Serrano}, S. and {Shaw}, T.~M. and {Smith}, R.~C. and {Soares-Santos}, M. and {Stefanik}, A. and {Stuermer}, W. and {Suchyta}, E. and {Sypniewski}, A. and {Tarle}, G. and {Thaler}, J. and {Tighe}, R. and {Tran}, C. and {Tucker}, D. and {Walker}, A.~R. and {Wang}, G. and {Watson}, M. and {Weaverdyck}, C. and {Wester}, W. and {Woods}, R. and {Yanny}, B. and {DES Collaboration}},
        title = "{The Dark Energy Camera}",
      journal = {\aj},
     keywords = {atlases, catalogs, cosmology: observations, instrumentation: detectors, instrumentation: photometers, surveys, Astrophysics - Instrumentation and Methods for Astrophysics},
         year = 2015,
        month = nov,
       volume = {150},
       number = {5},
          eid = {150},
        pages = {150},
          doi = {10.1088/0004-6256/150/5/150},
archivePrefix = {arXiv},
       eprint = {1504.02900},
 primaryClass = {astro-ph.IM},
       adsurl = {https://ui.adsabs.harvard.edu/abs/2015AJ....150..150F},
      adsnote = {Provided by the SAO/NASA Astrophysics Data System}
}


@INPROCEEDINGS{Coughlin2018,
       author = {{Coughlin}, Michael W. and {Deustua}, Susana and {Guyonnet}, Augustin and {Mondrik}, Nicholas and {Rice}, Joseph P. and {Stubbs}, Christopher W. and {Woodward}, John T.},
        title = "{Testing of the LSST's photometric calibration strategy at the CTIO 0.9 meter telescope}",
     keywords = {Astrophysics - Instrumentation and Methods for Astrophysics},
    booktitle = {Observatory Operations: Strategies, Processes, and Systems VII},
         year = 2018,
       series = {Society of Photo-Optical Instrumentation Engineers (SPIE) Conference Series},
       volume = {10704},
        month = jul,
          eid = {1070420},
        pages = {1070420},
          doi = {10.1117/12.2309582},
archivePrefix = {arXiv},
       eprint = {1806.02422},
 primaryClass = {astro-ph.IM},
       adsurl = {https://ui.adsabs.harvard.edu/abs/2018SPIE10704E..20C},
      adsnote = {Provided by the SAO/NASA Astrophysics Data System}
}

@INPROCEEDINGS{Ingraham2022,
       author = {{Ingraham}, Patrick and {Fagrelius}, Parker and {Stubbs}, Christopher W. and {Lupton}, Robert H. and {Liang}, Ming and {Neill}, Doug and {Muller}, Gary and {Claver}, Charles F. and {Sebag}, Jacques and {Thomas}, Sandrine and {Owen}, Russell},
        title = "{The Vera C. Rubin Observatory 8.4m telescope calibration system status}",
    booktitle = {Ground-based and Airborne Telescopes IX},
         year = 2022,
       editor = {{Marshall}, Heather K. and {Spyromilio}, Jason and {Usuda}, Tomonori},
       series = {Society of Photo-Optical Instrumentation Engineers (SPIE) Conference Series},
       volume = {12182},
        month = aug,
          eid = {121820R},
        pages = {121820R},
          doi = {10.1117/12.2630185},
       adsurl = {https://ui.adsabs.harvard.edu/abs/2022SPIE12182E..0RI},
      adsnote = {Provided by the SAO/NASA Astrophysics Data System}
}



@ARTICLE{lsst2009,
       author = {LSST Science Collaboration},
        title = "{LSST Science Book, Version 2.0}",
      journal = {arXiv e-prints},
     keywords = {Astrophysics - Instrumentation and Methods for Astrophysics, Astrophysics - Cosmology and Extragalactic Astrophysics, Astrophysics - Earth and Planetary Astrophysics, Astrophysics - Galaxy Astrophysics, Astrophysics - Solar and Stellar Astrophysics},
         year = 2009,
        month = dec,
          eid = {arXiv:0912.0201},
        pages = {arXiv:0912.0201},
          doi = {10.48550/arXiv.0912.0201},
archivePrefix = {arXiv},
       eprint = {0912.0201},
 primaryClass = {astro-ph.IM},
       adsurl = {https://ui.adsabs.harvard.edu/abs/2009arXiv0912.0201L},
      adsnote = {Provided by the SAO/NASA Astrophysics Data System}
}


@ARTICLE{lsst2019,
       author = {Ivezi{\'c} and others},
        title = "{LSST: From Science Drivers to Reference Design and Anticipated Data Products}",
      journal = {\apj},
     keywords = {astrometry, cosmology: observations, Galaxy: general, methods: observational, stars: general, surveys, Astrophysics},
         year = 2019,
        month = mar,
       volume = {873},
       number = {2},
          eid = {111},
        pages = {111},
          doi = {10.3847/1538-4357/ab042c},
archivePrefix = {arXiv},
       eprint = {0805.2366},
 primaryClass = {astro-ph},
       adsurl = {https://ui.adsabs.harvard.edu/abs/2019ApJ...873..111I},
      adsnote = {Provided by the SAO/NASA Astrophysics Data System}
}


@ARTICLE{Stubbs2006,
       author = {{Stubbs}, Christopher W. and {Tonry}, John L.},
        title = "{Toward 1\% Photometry: End-to-End Calibration of Astronomical Telescopes and Detectors}",
      journal = {\apj},
     keywords = {Atmospheric Effects, Instrumentation: Detectors, Instrumentation: Photometers, Astrophysics},
         year = 2006,
        month = aug,
       volume = {646},
       number = {2},
        pages = {1436-1444},
          doi = {10.1086/505138},
archivePrefix = {arXiv},
       eprint = {astro-ph/0604285},
 primaryClass = {astro-ph},
       adsurl = {https://ui.adsabs.harvard.edu/abs/2006ApJ...646.1436S},
      adsnote = {Provided by the SAO/NASA Astrophysics Data System}
}

@ARTICLE{Stubbs2007,
       author = {{Stubbs}, Christopher W. and {High}, F. William and {George}, Matthew R. and {DeRose}, Kimberly L. and {Blondin}, St{\'e}phane and {Tonry}, John L. and {Chambers}, Kenneth C. and {Granett}, Benjamin R. and {Burke}, David L. and {Smith}, R. Chris},
        title = "{Toward More Precise Survey Photometry for PanSTARRS and LSST: Measuring Directly the Optical Transmission Spectrum of the Atmosphere}",
      journal = {\pasp},
     keywords = {Astronomical Phenomena and Seeing, Astrophysics},
         year = 2007,
        month = oct,
       volume = {119},
       number = {860},
        pages = {1163-1178},
          doi = {10.1086/522208},
archivePrefix = {arXiv},
       eprint = {0708.1364},
 primaryClass = {astro-ph},
       adsurl = {https://ui.adsabs.harvard.edu/abs/2007PASP..119.1163S},
      adsnote = {Provided by the SAO/NASA Astrophysics Data System}
}


@ARTICLE{Green1992,
       author = {{Green}, Daniel W.~E.},
        title = "{Magnitude Corrections for Atmospheric Extinction}",
      journal = {International Comet Quarterly},
         year = 1992,
        month = jul,
       volume = {14},
        pages = {55},
       adsurl = {https://ui.adsabs.harvard.edu/abs/1992ICQ....14...55G},
      adsnote = {Provided by the SAO/NASA Astrophysics Data System}
}


@article{wolf2016,
    title={Modeling and Compensating Temperature-Dependent Non-Uniformity Noise in IR Microbolometer Cameras},
    author={Wolf, Alejandro and Pezoa, Jorge and Figueroa, Miguel},
    volume={16},
    ISSN={1424-8220},
    url={http://dx.doi.org/10.3390/s16071121},
    DOI={10.3390/s16071121},
    number={7},
    journal={Sensors},
    publisher={MDPI AG},
    year={2016},
    month={Jul},
    pages={1121}
}

@article{Olbrycht2012,
    author = {Robert Olbrycht and Bogus{\l}aw Więcek and Gilbert De Mey},
    journal = {Appl. Opt.},
    keywords = {Thermal imaging; Thermal (uncooled) IR detectors, arrays and imaging ; Amorphous silicon; Infrared radiation; Motion detection; Reflection coefficient; Thermal infrared detectors; Tunable filters},
    number = {11},
    pages = {1788--1794},
    publisher = {Optica Publishing Group},
    title = {Thermal drift compensation method for microbolometer thermal cameras},
    volume = {51},
    month = {Apr},
    year = {2012},
    url = {https://opg.optica.org/ao/abstract.cfm?URI=ao-51-11-1788},
    doi = {10.1364/AO.51.001788},
    abstract = {We propose a new method of compensation for drifts in thermal cameras using a filter in place of a shutter. The latter method requires periodically closing the camera, thus causing the images to appear frozen frequently. Our technique of replacing the shutter with a filter eliminates this frozen image problem. In this paper we discuss the principles of the new method and present the obtained results.},
}

@article{Cao2013,
    author = {Yanpeng Cao and Christel-Loic Tisse},
    journal = {Appl. Opt.},
    keywords = {Focal-plane-array image processors; Image enhancement; Image reconstruction techniques; Infrared imaging; Image processing; Image processing algorithms; Image quality; Imaging systems; Motion estimation; Thermal infrared imaging},
    number = {25},
    pages = {6266--6271},
    publisher = {Optica Publishing Group},
    title = {Shutterless solution for simultaneous focal plane array temperature estimation and nonuniformity correction in uncooled long-wave infrared camera},
    volume = {52},
    month = {Sep},
    year = {2013},
    url = {https://opg.optica.org/ao/abstract.cfm?URI=ao-52-25-6266},
    doi = {10.1364/AO.52.006266},
    abstract = {In uncooled long-wave infrared (LWIR) microbolometer imaging systems, temperature fluctuations of the focal plane array (FPA) result in thermal drift and spatial nonuniformity. In this paper, we present a novel approach based on single-image processing to simultaneously estimate temperature variances of FPAs and compensate the resulting temperature-dependent nonuniformity. Through well-controlled thermal calibrations, empirical behavioral models are derived to characterize the relationship between the responses of microbolometer and FPA temperature variations. Then, under the assumption that strong dependency exists between spatially adjacent pixels, we estimate the optimal FPA temperature so as to minimize the global intensity variance across the entire thermal infrared image. We make use of the estimated FPA temperature to infer an appropriate nonuniformity correction (NUC) profile. The performance and robustness of the proposed temperature-adaptive NUC method are evaluated on realistic IR images obtained by a 640\&\#xD7;512 pixels uncooled LWIR microbolometer imaging system operating in a significantly changed temperature environment.},
}

@article {Murcray1974,
      author = "David G.  Murcray and James N.  Brooks and Frank H.  Murcray and Walter J.  Williams",
      title = "10 to 12 μm Spectral Emissivity of a Cirrus Cloud",
      journal = "Journal of Atmospheric Sciences",
      year = "1974",
      publisher = "American Meteorological Society",
      address = "Boston MA, USA",
      volume = "31",
      number = "7",
      doi = "10.1175/1520-0469(1974)031<1940:TSEOAC>2.0.CO;2",
      pages=      "1940 - 1942",
      url = "https://journals.ametsoc.org/view/journals/atsc/31/7/1520-0469_1974_031_1940_tseoac_2_0_co_2.xml"
}

@article{Burke2010,
    doi = {10.1088/0004-637X/720/1/811},
    url = {https://dx.doi.org/10.1088/0004-637X/720/1/811},
    year = {2010},
    month = {aug},
    publisher = {The American Astronomical Society},
    volume = {720},
    number = {1},
    pages = {811},
    author = {David L. Burke and T. Axelrod and Stéphane Blondin and Chuck Claver and Željko Ivezić and Lynne Jones and Abhijit Saha and Allyn Smith and R. Chris Smith and Christopher W. Stubbs},
    title = {PRECISION DETERMINATION OF ATMOSPHERIC EXTINCTION AT OPTICAL AND NEAR-INFRARED WAVELENGTHS},
    journal = {The Astrophysical Journal}
}

@article{Lynch1996,
    title = {Cirrus clouds: Their role in climate and global change},
    journal = {Acta Astronautica},
    volume = {38},
    number = {11},
    pages = {859-863},
    year = {1996},
    issn = {0094-5765},
    doi = {https://doi.org/10.1016/S0094-5765(96)00098-7},
    url = {https://www.sciencedirect.com/science/article/pii/S0094576596000987},
    author = {D.K. Lynch}
}

@article{Kimata2018,
    author = {Kimata, Masafumi},
    title = {Uncooled infrared focal plane arrays},
    journal = {IEEJ Transactions on Electrical and Electronic Engineering},
    volume = {13},
    number = {1},
    pages = {4-12},
    keywords = {infrared, uncooled, thermal detector, focal plane array, MEMS},
    doi = {https://doi.org/10.1002/tee.22563},
    url = {https://onlinelibrary.wiley.com/doi/abs/10.1002/tee.22563},
    eprint = {https://onlinelibrary.wiley.com/doi/pdf/10.1002/tee.22563},
    abstract = {After a long incubation period, commercialization of uncooled infrared focal plane arrays (IRFPAs) is progressing rapidly. In the high-end field, pixel pitch reduction is approaching the diffraction limit of optics, and full high-definition IRFPAs have been reported. On the other hand, low-cost infrared array sensors (IRASs), which are small-format IRFPAs for non-imaging applications, are finding new applications in areas such as home appliances. This paper reviews the basics of and advances in uncooled IRFPAs, including IRASs. Some emerging trends in business and applications are also discussed.},
    year = {2018}
}

@article{Bhan2009,
    author = {Bhan, R. and Saxena, Raghvendra and Jalwania, C.R. and Lomash, S.K.},
    year = {2009},
    month = {11},
    pages = {580},
    title = {Uncooled Infrared Microbolometer Arrays and their Characterisation Techniques},
    volume = {59},
    journal = {Defence Science Journal},
    doi = {10.14429/dsj.59.1562}
}

@book{rogalski2000infrared,
  title={Infrared detectors},
  author={Rogalski, Antonio},
  year={2000},
  publisher={CRC press}
}

@article{niklaus2008mems,
  title={MEMS-based uncooled infrared bolometer arrays: a review},
  author={Niklaus, Frank and Vieider, Christian and Jakobsen, Henrik},
  journal={MEMS/MOEMS technologies and applications III},
  volume={6836},
  pages={125--139},
  year={2008},
  publisher={SPIE}
}

@article{Redjimi2014,
author = {Redjimi, Anis and Knežević, Dragan and Savić, Katarina and Jovanovic, Nikola and Simović, Marina and Vasiljevic, Darko},
year = {2014},
month = {05},
pages = {42-49},
title = {Noise Equivalent Temperature Difference Model for Thermal Imagers, Calculation and Analysis},
volume = {64},
journal = {Scientific Technical Review}
}

@book{Gaussorgues,
  title={La thermographie infrarouge},
  author={G. Gaussorgues},
  year={1981},
  publisher={ Technique et Documentation - Lavoisier }
}

@ARTICLE{FITS,
       author = {{Wells}, D.~C. and {Greisen}, E.~W. and {Harten}, R.~H.},
        title = "{FITS - a Flexible Image Transport System}",
      journal = {\aaps},
         year = 1981,
        month = jun,
       volume = {44},
        pages = {363},
       adsurl = {https://ui.adsabs.harvard.edu/abs/1981A&AS...44..363W},
      adsnote = {Provided by the SAO/NASA Astrophysics Data System}
}

@article{Fangzhou2019,
    author = {Fangzhou Li and Yaohong Zhao and Wei Xiang},
    journal = {Appl. Opt.},
    keywords = {Image processing; Image quality; Imaging systems; Infrared sensors; Infrared systems; Thermal infrared imaging},
    number = {33},
    pages = {9141--9153},
    publisher = {Optica Publishing Group},
    title = {Single-frame-based column fixed-pattern noise correction in an uncooled infrared imaging system based on weighted least squares},
    volume = {58},
    month = {Nov},
    year = {2019},
    url = {https://opg.optica.org/ao/abstract.cfm?URI=ao-58-33-9141},
    doi = {10.1364/AO.58.009141}
}

@ARTICLE{Scribner1991,
  author={Scribner, D.A. and Kruer, M.R. and Killiany, J.M.},
  journal={Proceedings of the IEEE}, 
  title={Infrared focal plane array technology}, 
  year={1991},
  volume={79},
  number={1},
  pages={66-85},
  doi={10.1109/5.64383}
}

@inproceedings{Hanson2018,
    author = {Charles M. Hanson},
    title = {{Implications of 1/f noise in uncooled thermal imaging}},
    volume = {10624},
    booktitle = {Infrared Technology and Applications XLIV},
    editor = {Bj{\o}rn F. Andresen and Gabor F. Fulop and Charles M. Hanson and John Lester Miller and Paul R. Norton},
    organization = {International Society for Optics and Photonics},
    publisher = {SPIE},
    pages = {106241C},
    keywords = {1/f noise, spatial noise, fixed-pattern noise, infrared, thermal imaging, nonuniformity correction, bolometer, uncooled},
    year = {2018},
    doi = {10.1117/12.2306334},
    URL = {https://doi.org/10.1117/12.2306334}
}

@article{Benirschke2017,
author = {David Benirschke and Scott Howard},
title = {{Characterization of a low-cost, commercially available, vanadium oxide microbolometer array for spectroscopic imaging}},
volume = {56},
journal = {Optical Engineering},
number = {4},
publisher = {SPIE},
pages = {040502},
keywords = {hyperspectral imaging, infrared imaging, thermal imaging, Imaging spectroscopy, Spectroscopy, Microbolometers, Imaging arrays, Long wavelength infrared, Temperature metrology, Oxides, Vanadium, Quantum cascade lasers, Thermography},
year = {2017},
doi = {10.1117/1.OE.56.4.040502},
URL = {https://doi.org/10.1117/1.OE.56.4.040502}
}

@Article{Budzier2015,
    AUTHOR = {Budzier, H. and Gerlach, G.},
    TITLE = {Calibration of uncooled thermal infrared cameras},
    JOURNAL = {Journal of Sensors and Sensor Systems},
    VOLUME = {4},
    YEAR = {2015},
    NUMBER = {1},
    PAGES = {187--197},
    URL = {https://jsss.copernicus.org/articles/4/187/2015/},
    DOI = {10.5194/jsss-4-187-2015}
}

@article{Avdelidis2003,
    title = {Emissivity considerations in building thermography},
    journal = {Energy and Buildings},
    volume = {35},
    number = {7},
    pages = {663-667},
    year = {2003},
    issn = {0378-7788},
    doi = {https://doi.org/10.1016/S0378-7788(02)00210-4},
    url = {https://www.sciencedirect.com/science/article/pii/S0378778802002104},
    author = {N.P. Avdelidis and A. Moropoulou},
    keywords = {Infrared thermography, Emittance, Temperature, Wavelength, Surface condition, Buildings}
}

@article{Nugent2014,
  title={Radiometric calibration of infrared imagers using an internal shutter as an equivalent external blackbody},
  author={Paul W. Nugent and Joseph A. Shaw and Nathan J. Pust},
  journal={Optical Engineering},
  year={2014},
  volume={53}
}

@article{Carrascosa2018,
    title={Drift Correction of Lightweight Microbolometer Thermal Sensors On-Board Unmanned Aerial Vehicles},
    volume={10},
    ISSN={2072-4292},
    url={http://dx.doi.org/10.3390/rs10040615},
    DOI={10.3390/rs10040615},
    number={4},
    journal={Remote Sensing},
    publisher={MDPI AG},
    author={Mesas-Carrascosa, Francisco-Javier and Pérez-Porras, Fernando and Meroño de Larriva, Jose and Mena Frau, Carlos and Agüera-Vega, Francisco and Carvajal-Ramírez, Fernando and Martínez-Carricondo, Patricio and García-Ferrer, Alfonso},
    year={2018},
    month={Apr},
    pages={615}
}

@inproceedings{Boggs1989,
  title={Orthogonal distance regression},
  author={Paul T. Boggs and Janet R. Donaldson},
  year={1989}
}

@article{ODRPACK,
    author = {Boggs, Paul T. and Donaldson, Janet R. and Byrd, Richaard h. and Schnabel, Robert B.},
    title = {Algorithm 676: ODRPACK: Software for Weighted Orthogonal Distance Regression},
    year = {1989},
    issue_date = {Dec. 1989},
    publisher = {Association for Computing Machinery},
    address = {New York, NY, USA},
    volume = {15},
    number = {4},
    issn = {0098-3500},
    url = {https://doi.org/10.1145/76909.76913},
    doi = {10.1145/76909.76913},
    abstract = {In this paper, we describe ODRPACK, a software package for the weighted orthogonal distance regression problem. This software is an implementation of the algorithm described in [2] for finding the parameters that minimize the sum of the squared weighted orthogonal distances from a set of observations to a curve or surface determined by the parameters. It can also be used to solve the ordinary nonlinear least squares problem. The weighted orthogonal distance regression procedure application to curve and surface fitting and to measurement error models in statistics. The algorithm implemented is an efficient and stable trust region (Levenberg-Marquardt) procedure that exploits the structure of the problem so that the computational cost per iteration is equal to that for the same type of algorithm applied to the ordinary nonlinear least squares problem. The package allows a general weighting scheme, provides for finite difference derivatives, and contains extensive error checking and report generating facilities.},
    journal = {ACM Trans. Math. Softw.},
    month = {dec},
    pages = {348–364},
    numpages = {17}
}

@inproceedings{Nugent2014_2,
  title={Calibration of uncooled LWIR microbolometer imagers to enable long-term field deployment},
  author={Paul W. Nugent and Joseph A. Shaw},
  booktitle={Defense + Security Symposium},
  year={2014}
}

@ARTICLE{Gonzalez2019,
  author={González-Chávez, Othón and Cárdenas-Garcia, Daniel and Karaman, Sertac and Lizárraga, Mariano and Salas, Joaquín},
  journal={IEEE Transactions on Instrumentation and Measurement}, 
  title={Radiometric Calibration of Digital Counts of Infrared Thermal Cameras}, 
  year={2019},
  volume={68},
  number={11},
  pages={4387-4399},
  doi={10.1109/TIM.2018.2887070}
}

@article{Voitsekhovskii2007,
    author = {Voitsekhovskii, A. and Grigoryev, Denis and Yuryev, Vladimir and S.N., Nesmelov},
    year = {2007},
    month = {12},
    pages = {1218-1225},
    title = {Calculation of thermal parameters of SiGe microbolometers},
    volume = {50},
    journal = {Russian Physics Journal},
    doi = {10.1007/s11182-008-9015-4}
}

@article{Yu2020,
    author = {Yu, Le and Guo, Yaozu and Zhu, Haoyu and Luo, Mingcheng and Han, Pedolin and Ji, Xiaoli},
    year = {2020},
    month = {08},
    pages = {800},
    title = {Low-Cost Microbolometer Type Infrared Detectors},
    volume = {11},
    journal = {Micromachines},
    doi = {10.3390/mi11090800}
}

@Inbook{Vollmer2021,
    author="Vollmer, Michael",
    editor="Ikeuchi, Katsushi",
    title="Infrared Thermal Imaging",
    bookTitle="Computer Vision: A Reference Guide",
    year="2021",
    publisher="Springer International Publishing",
    address="Cham",
    pages="666--670",
    isbn="978-3-030-63416-2",
    doi="10.1007/978-3-030-63416-2_844",
    url="https://doi.org/10.1007/978-3-030-63416-2_844"
}

@Inbook{Waltham2013,
    author="Waltham, Nick",
    editor="Huber, Martin C. E.
    and Pauluhn, Anuschka
    and Culhane, J. Len
    and Timothy, J. Gethyn
    and Wilhelm, Klaus
    and Zehnder, Alex",
    title="CCD and CMOS sensors",
    bookTitle="Observing Photons in Space: A Guide to Experimental Space Astronomy",
    year="2013",
    publisher="Springer New York",
    address="New York, NY",
    pages="423--442",
    abstract="The charge-coupled device (CCD) has been developed primarily as a compact image sensor for consumer and industrial markets, but is now also the preeminent visible and ultraviolet wavelength image sensor in many fields of scientific research including space-science and both Earth and planetary remote sensing. Today's scientific or science-grade CCD will typically maximise pixel count, focal plane coverage, photon detection efficiency over the broadest spectral range and signal dynamic range whilst maintaining the lowest possible readout noise. The relatively recent re-emergence of complementary metal oxide semiconductor (CMOS) image sensor technology is arguably the most important development in solid-state imaging since the invention of the CCD. Current sub-micron CMOS technology now enables the integration on a single silicon chip of a large array of photodiode pixels alongside all of the ancillary electronics needed to address the array and digitise the resulting analogue video signal. Compared to the CCD, CMOS promises a more compact, lower mass, lower power and potentially more radiation tolerant camera.",
    isbn="978-1-4614-7804-1",
    doi="10.1007/978-1-4614-7804-1_23",
    url="https://doi.org/10.1007/978-1-4614-7804-1_23"
}

@ARTICLE{Saragadam2021,
       author = {{Saragadam}, Vishwanath and {Dave}, Akshat and {Veeraraghavan}, Ashok and {Baraniuk}, Richard},
        title = "{Thermal Image Processing via Physics-Inspired Deep Networks}",
      journal = {arXiv e-prints},
     keywords = {Electrical Engineering and Systems Science - Image and Video Processing, Computer Science - Computer Vision and Pattern Recognition},
         year = 2021,
        month = aug,
          eid = {arXiv:2108.07973},
        pages = {arXiv:2108.07973},
          doi = {10.48550/arXiv.2108.07973},
archivePrefix = {arXiv},
       eprint = {2108.07973},
 primaryClass = {eess.IV},
       adsurl = {https://ui.adsabs.harvard.edu/abs/2021arXiv210807973S},
      adsnote = {Provided by the SAO/NASA Astrophysics Data System}
}

@Article{Minkina2016,
    AUTHOR = {Minkina, W. and Klecha, D.},
    TITLE = {Atmospheric transmission coefficient modelling in the infrared for
    thermovision measurements},
    JOURNAL = {Journal of Sensors and Sensor Systems},
    VOLUME = {5},
    YEAR = {2016},
    NUMBER = {1},
    PAGES = {17--23},
    URL = {https://jsss.copernicus.org/articles/5/17/2016/},
    DOI = {10.5194/jsss-5-17-2016}
}

@software{lowtran_python,
  author       = {Hirsch, Michael},
  title        = {{LOWTRAN: Python module for atmospheric absorption 
                   modeling}},
  month        = dec,
  year         = 2016,
  publisher    = {Zenodo},
  version      = {v1.0},
  doi          = {10.5281/zenodo.213475},
  url          = {https://doi.org/10.5281/zenodo.213475}
}

@article{LOWTRAN,
    author = {Kneizys, F. and Shettle, Eric and Abreu, L. and Chetwynd, J. and Anderson, G.},
    year = {1988},
    month = {08},
    pages = {146},
    title = {User guide to LOWTRAN 7}
}

@article{Zhou2005,
    author = {Huixin Zhou and Shangqian Liu and Rui Lai and Dabao Wang and Yubao Cheng},
    journal = {Appl. Opt.},
    keywords = {CCD, charge-coupled device; Infrared; Focal-plane-array image processors; Infrared imaging; Algorithms; Analog to digital converters; Detector arrays; Image processing; Infrared detectors; Signal processing},
    number = {15},
    pages = {2928--2932},
    publisher = {Optica Publishing Group},
    title = {Solution for the nonuniformity correction of infrared focal plane arrays},
    volume = {44},
    month = {May},
    year = {2005},
    url = {https://opg.optica.org/ao/abstract.cfm?URI=ao-44-15-2928},
    doi = {10.1364/AO.44.002928}
}

@article{NugentWindow,
      author = "Paul W.  Nugent and Joseph A.  Shaw and Nathan J.  Pust and Sabino  Piazzolla",
      title = "Correcting Calibrated Infrared Sky Imagery for the Effect of an Infrared Window",
      journal = "Journal of Atmospheric and Oceanic Technology",
      year = "2009",
      publisher = "American Meteorological Society",
      address = "Boston MA, USA",
      volume = "26",
      number = "11",
      doi = "https://doi.org/10.1175/2009JTECHA1288.1",
      pages=      "2403 - 2412",
      url = "https://journals.ametsoc.org/view/journals/atot/26/11/2009jtecha1288_1.xml"
}


@Article{Gomes2017,
AUTHOR = {Ribeiro-Gomes, Krishna and Hernández-López, David and Ortega, José F. and Ballesteros, Rocío and Poblete, Tomás and Moreno, Miguel A.},
TITLE = {Uncooled Thermal Camera Calibration and Optimization of the Photogrammetry Process for UAV Applications in Agriculture},
JOURNAL = {Sensors},
VOLUME = {17},
YEAR = {2017},
NUMBER = {10},
ARTICLE-NUMBER = {2173},
URL = {https://www.mdpi.com/1424-8220/17/10/2173},
PubMedID = {28946606},
ISSN = {1424-8220},
DOI = {10.3390/s17102173}
}



@article{Klebe2012,
    doi = {10.1086/668866},
    url = {https://dx.doi.org/10.1086/668866},
    year = {2012},
    month = {nov},
    publisher = {University of Chicago Press},
    volume = {124},
    number = {922},
    pages = {1309},
    author = {Dimitri Klebe and Jacques Sebag and Ronald D. Blatherwick and Peter C. Zimmer},
    title = {All-Sky Mid-Infrared Imagery to Characterize Sky Conditions and Improve Astronomical Observational Performance},
    journal = {Publications of the Astronomical Society of the Pacific}
}

@Article{Klebe2014,
    AUTHOR = {Klebe, D. I. and Blatherwick, R. D. and Morris, V. R.},
    TITLE = {Ground-based all-sky mid-infrared and visible imagery for purposes of characterizing cloud properties},
    JOURNAL = {Atmospheric Measurement Techniques},
    VOLUME = {7},
    YEAR = {2014},
    NUMBER = {2},
    PAGES = {637--645},
    URL = {https://amt.copernicus.org/articles/7/637/2014/},
    DOI = {10.5194/amt-7-637-2014}
}



@Article{Kelly2019,
    AUTHOR = {Kelly, Julia and Kljun, Natascha and Olsson, Per-Ola and Mihai, Laura and Liljeblad, Bengt and Weslien, Per and Klemedtsson, Leif and Eklundh, Lars},
    TITLE = {Challenges and Best Practices for Deriving Temperature Data from an Uncalibrated UAV Thermal Infrared Camera},
    JOURNAL = {Remote Sensing},
    VOLUME = {11},
    YEAR = {2019},
    NUMBER = {5},
    ARTICLE-NUMBER = {567},
    URL = {https://www.mdpi.com/2072-4292/11/5/567},
    ISSN = {2072-4292}
}

@phdthesis{RashmanPhD,
          editor = {S Longmore and S Wich and I Steele},
           month = {July},
           title = {Terrestrial and Astronomical Applications of Uncooled Infrared Technology},
          school = {Liverpool John Moores University},
          author = {M Rashman},
            year = {2020},
             doi = {10.24377/LJMU.t.00013093},
        keywords = {infrared; microbolometer; instrumentation; astronomy; ecology},
             url = {http://researchonline.ljmu.ac.uk/id/eprint/13093/}
}


@Article{Smigaj2017,
AUTHOR = {Smigaj, Magdalena and Gaulton, Rachel and Suarez, Juan C. and Barr, Stuart L.},
TITLE = {Use of Miniature Thermal Cameras for Detection of Physiological Stress in Conifers},
JOURNAL = {Remote Sensing},
VOLUME = {9},
YEAR = {2017},
NUMBER = {9},
ARTICLE-NUMBER = {957},
URL = {https://www.mdpi.com/2072-4292/9/9/957},
ISSN = {2072-4292}
}


@Article{Hack2023,
    AUTHOR = {Hack, E. D. and Pauliquevis, T. and Barbosa, H. M. J. and Yamasoe, M. A. and Klebe, D. and Correia, A. L.},
    TITLE = {Precipitable water vapor retrievals using a ground-based infrared sky camera in subtropical South America},
    JOURNAL = {Atmospheric Measurement Techniques},
    VOLUME = {16},
    YEAR = {2023},
    NUMBER = {5},
    PAGES = {1263--1278},
    URL = {https://amt.copernicus.org/articles/16/1263/2023/},
    DOI = {10.5194/amt-16-1263-2023}
}

@article{Szejwach1982,
      author = "Gerard  Szejwach",
      title = "Determination of Semi-Transparent Cirrus Cloud Temperature from Infrared Radiances: Application to METEOSAT",
      journal = "Journal of Applied Meteorology and Climatology",
      year = "1982",
      publisher = "American Meteorological Society",
      address = "Boston MA, USA",
      volume = "21",
      number = "3",
      doi = "https://doi.org/10.1175/1520-0450(1982)021<0384:DOSTCC>2.0.CO;2",
      pages=      "384 - 393",
      url = "https://journals.ametsoc.org/view/journals/apme/21/3/1520-0450_1982_021_0384_dostcc_2_0_co_2.xml"
}


@book{Kruse2001,
  title={Uncooled thermal imaging: arrays, systems, and applications},
  author={Kruse, Paul W},
  volume={51},
  year={2001},
  publisher={SPIE press}
}


@ARTICLE{Houghton1972,
       author = {{Houghton}, J.~T. and {Lee}, A.~C.~L.},
        title = "{Atmospheric Transmission in the 10-12 {\textmu}m Window}",
      journal = {Nature Physical Science},
         year = 1972,
        month = aug,
       volume = {238},
       number = {86},
        pages = {117-118},
          doi = {10.1038/physci238117a0},
       adsurl = {https://ui.adsabs.harvard.edu/abs/1972NPhS..238..117H},
      adsnote = {Provided by the SAO/NASA Astrophysics Data System}
}

@inproceedings{Lentz1998,
  title={Characterization of noise in uncooled IR bolometer arrays},
  author={Will Lentz},
  year={1998}
}

@inproceedings{Tanaka2000,
  title={Low-noise readout circuit for uncooled infrared FPA},
  author={Tanaka, Akio and Chiba, Kazuhiro and Endoh, Tsutomu and Okuyama, Kuniyuki and Kawahara, Akihiro and Iida, Kiyoshi and Tsukamoto, Nanao},
  booktitle={Infrared Technology and Applications XXVI},
  volume={4130},
  pages={160--167},
  year={2000},
  organization={SPIE}
}

@article{quantizationnoise,
  title={Quantization noise spectra},
  author={Gray, Robert M},
  journal={IEEE Transactions on information theory},
  volume={36},
  number={6},
  pages={1220--1244},
  year={1990},
  publisher={IEEE}
}


@ARTICLE{Aharmim2005,
       author = {{Aharmim}, and others},
        title = "{Electron energy spectra, fluxes, and day-night asymmetries of $^{8}$B solar neutrinos from measurements with NaCl dissolved in the heavy-water detector at the Sudbury Neutrino Observatory}",
      journal = {\prc},
     keywords = {26.65.+t, 14.60.Pq, 13.15.+g, 95.85.Ry, Solar neutrinos, Neutrino mass and mixing, Neutrino interactions, Neutrino muon pion and other elementary particles, cosmic rays, Nuclear Experiment, Astrophysics, High Energy Physics - Experiment},
         year = 2005,
        month = nov,
       volume = {72},
       number = {5},
          eid = {055502},
        pages = {055502},
          doi = {10.1103/PhysRevC.72.055502},
archivePrefix = {arXiv},
       eprint = {nucl-ex/0502021},
 primaryClass = {nucl-ex},
       adsurl = {https://ui.adsabs.harvard.edu/abs/2005PhRvC..72e5502A},
      adsnote = {Provided by the SAO/NASA Astrophysics Data System}
}

@MISC{spectractor,
       author = {{Neveu}, J{\'e}r{\'e}my and {Br{\'e}maud}, Vincent and {Dagoret-Campagne}, Sylvie and {Fisher-Levine Merlin}},
        title = "{Spectractor: Spectrum extraction tool for slitless spectrophotometry}",
     keywords = {Software},
 howpublished = {Astrophysics Source Code Library, record ascl:2104.004},
         year = 2021,
        month = apr,
          eid = {ascl:2104.004},
        pages = {ascl:2104.004},
archivePrefix = {ascl},
       eprint = {2104.004},
       adsurl = {https://ui.adsabs.harvard.edu/abs/2021ascl.soft04004N},
      adsnote = {Provided by the SAO/NASA Astrophysics Data System}
}

@Article{Cui2022,
    AUTHOR = {Cui, Fang-Xiao and Zhao, Yue and Wang, An-Jing and Ma, Feng-Xiang and Wu, Jun and Li, Yang-Yu and Li, Da-Cheng and Dong, Wang-Chao},
    TITLE = {A Multi-Spectral Thermal Gas Detection Imager Using Uncooled Infrared Camera},
    JOURNAL = {Optics},
    VOLUME = {3},
    YEAR = {2022},
    NUMBER = {4},
    PAGES = {473--482},
    URL = {https://www.mdpi.com/2673-3269/3/4/40},
    ISSN = {2673-3269},
    DOI = {10.3390/opt3040040}
}

@book{Minkinabook,
    author = {Minkina, Waldemar and Dudzik, Sebastian},
    year = {2015},
    month = {09},
    pages = {},
    title = {Minkina W., Dudzik S. Wiley'2009}
}

@ARTICLE{Kantor1962,
       author = {{Kantor}, A.~J. and {Cole}, A.~E.},
        title = "{Mid-latitude atmospheres, winter and summer}",
      journal = {Geofisica Pura e Applicata},
     keywords = {Surface Temperature, Northern Hemisphere, Dynamic Viscosity, Zonal Wind, Annual Data},
         year = 1962,
        month = sep,
       volume = {53},
       number = {1},
        pages = {171-188},
          doi = {10.1007/BF02007120},
       adsurl = {https://ui.adsabs.harvard.edu/abs/1962GeoPA..53..171K},
      adsnote = {Provided by the SAO/NASA Astrophysics Data System}
}

@ARTICLE{Emde2016,
       author = {{Emde}, Claudia and {Buras-Schnell}, Robert and {Kylling}, Arve and {Mayer}, Bernhard and {Gasteiger}, Josef and {Hamann}, Ulrich and {Kylling}, Jonas and {Richter}, Bettina and {Pause}, Christian and {Dowling}, Timothy and {Bugliaro}, Luca},
        title = "{The libRadtran software package for radiative transfer calculations (version 2.0.1)}",
      journal = {Geoscientific Model Development},
         year = 2016,
        month = may,
       volume = {9},
       number = {5},
        pages = {1647-1672},
          doi = {10.5194/gmd-9-1647-2016},
       adsurl = {https://ui.adsabs.harvard.edu/abs/2016GMD.....9.1647E},
      adsnote = {Provided by the SAO/NASA Astrophysics Data System}
}

@article{Ruckstuhl2007,
    author = {Ruckstuhl, Christian and Philipona, Rolf and Morland, June and Ohmura, Atsumu},
    title = {Observed relationship between surface specific humidity, integrated water vapor, and longwave downward radiation at different altitudes},
    journal = {Journal of Geophysical Research: Atmospheres},
    volume = {112},
    number = {D3},
    pages = {},
    keywords = {longwave radiation, integrated water vapor, surface specific humidity},
    doi = {https://doi.org/10.1029/2006JD007850},
    year = {2007}
}

@article{Horny2003,
  title={FPA camera standardisation},
  author={Horny, N},
  journal={Infrared Physics \& Technology},
  volume={44},
  number={2},
  pages={109--119},
  year={2003},
  publisher={Elsevier}
}

@article{Restrepo2010,
  title={A new algorithm for detecting and correcting bad pixels in infrared images},
  author={Restrepo Gir{\'o}n, Andr{\'e}s David and Loaiza Correa, Humberto},
  journal={Ingenier{\'\i}a e Investigaci{\'o}n},
  volume={30},
  number={2},
  pages={197--207},
  year={2010},
  publisher={Facultad de Ingenier{\'\i}a, Universidad Nacional de Colombia.}
}

@article{Ghosh2008,
  title={Robust autonomous detection of the defective pixels in detectors using a probabilistic technique},
  author={Ghosh, Siddhartha and Froebrich, Dirk and Freitas, Alex},
  journal={Applied optics},
  volume={47},
  number={36},
  pages={6904--6924},
  year={2008},
  publisher={Optica Publishing Group}
}

@ARTICLE{Rykoff2023,
       author = {{Rykoff}, E.~S. and {Tucker}, D.~L. and {Burke}, D.~L. and {Allam}, S.~S. and {Bechtol}, K. and {Bernstein}, G.~M. and {Brout}, D. and {Gruendl}, R.~A. and {Lasker}, J. and {Smith}, J.~A. and {Wester}, W.~C. and {Yanny}, B. and {Abbott}, T.~M.~C. and {Aguena}, M. and {Alves}, O. and {Andrade-Oliveira}, F. and {Annis}, J. and {Bacon}, D. and {Bertin}, E. and {Brooks}, D. and {Carnero Rosell}, A. and {Carretero}, J. and {Castander}, F.~J. and {Choi}, A. and {da Costa}, L.~N. and {Pereira}, M.~E.~S. and {Davis}, T.~M. and {De Vicente}, J. and {Diehl}, H.~T. and {Doel}, P. and {Drlica-Wagner}, A. and {Everett}, S. and {Ferrero}, I. and {Frieman}, J. and {Garc{\'\i}a-Bellido}, J. and {Giannini}, G. and {Gruen}, D. and {Gutierrez}, G. and {Hinton}, S.~R. and {Hollowood}, D.~L. and {James}, D.~J. and {Kuehn}, K. and {Lahav}, O. and {Marshall}, J.~L. and {Mena-Fern{\'a}ndez}, J. and {Menanteau}, F. and {Myles}, J. and {Nord}, B.~D. and {Ogando}, R.~L.~C. and {Palmese}, A. and {Pieres}, A. and {Plazas Malag{\'o}n}, A.~A. and {Raveri}, M. and {Rodgr{\'\i}guez-Monroy}, M. and {Sanchez}, E. and {Santiago}, B. and {Schubnell}, M. and {Sevilla-Noarbe}, I. and {Smith}, M. and {Soares-Santos}, M. and {Suchyta}, E. and {Swanson}, M.~E.~C. and {Varga}, T.~N. and {Vincenzi}, M. and {Walker}, A.~R. and {Weaverdyck}, N. and {Wiseman}, P.},
        title = "{The Dark Energy Survey Six-Year Calibration Star Catalog}",
      journal = {arXiv e-prints},
     keywords = {Astrophysics - Instrumentation and Methods for Astrophysics},
         year = 2023,
        month = may,
          eid = {arXiv:2305.01695},
        pages = {arXiv:2305.01695},
          doi = {10.48550/arXiv.2305.01695},
archivePrefix = {arXiv},
       eprint = {2305.01695},
 primaryClass = {astro-ph.IM},
       adsurl = {https://ui.adsabs.harvard.edu/abs/2023arXiv230501695R},
      adsnote = {Provided by the SAO/NASA Astrophysics Data System}
}

@ARTICLE{Narayan2019,
       author = {{Narayan}, Gautham and {Matheson}, Thomas and {Saha}, Abhijit and {Axelrod}, Tim and {Calamida}, Annalisa and {Olszewski}, Edward and {Claver}, Jenna and {Mandel}, Kaisey S. and {Bohlin}, Ralph C. and {Holberg}, Jay B. and {Deustua}, Susana and {Rest}, Armin and {Stubbs}, Christopher W. and {Shanahan}, Clare E. and {Vaz}, Amali L. and {Zenteno}, Alfredo and {Strampelli}, Giovanni and {Hubeny}, Ivan and {Points}, Sean and {Sabbi}, Elena and {Mackenty}, John},
        title = "{Subpercent Photometry: Faint DA White Dwarf Spectrophotometric Standards for Astrophysical Observatories}",
      journal = {\apjs},
     keywords = {cosmology: observations, methods: data analysis, standards, surveys, white dwarfs, Astrophysics - Instrumentation and Methods for Astrophysics, Astrophysics - Solar and Stellar Astrophysics},
         year = 2019,
        month = apr,
       volume = {241},
       number = {2},
          eid = {20},
        pages = {20},
          doi = {10.3847/1538-4365/ab0557},
archivePrefix = {arXiv},
       eprint = {1811.12534},
 primaryClass = {astro-ph.IM},
       adsurl = {https://ui.adsabs.harvard.edu/abs/2019ApJS..241...20N},
      adsnote = {Provided by the SAO/NASA Astrophysics Data System}
}

@ARTICLE{Axelrod2023,
       author = {{Axelrod}, Tim and {Saha}, Abhijit and {Matheson}, Thomas and {Olszewski}, Edward W. and {Bohlin}, Ralph C. and {Calamida}, Annalisa and {Claver}, Jenna and {Deustua}, Susana and {Holberg}, Jay B. and {Hubeny}, Ivan and {Mackenty}, John W. and {Malanchev}, Konstantin and {Narayan}, Gautham and {Points}, Sean and {Rest}, Armin and {Sabbi}, Elena and {Stubbs}, Christopher W.},
        title = "{All-sky Faint DA White Dwarf Spectrophotometric Standards for Astrophysical Observatories: The Complete Sample}",
      journal = {\apj},
     keywords = {Spectrophotometric standards, DA stars, White dwarf stars, HST photometry, 1555, 348, 1799, 756, Astrophysics - Solar and Stellar Astrophysics, Astrophysics - Instrumentation and Methods for Astrophysics},
         year = 2023,
        month = jul,
       volume = {951},
       number = {1},
          eid = {78},
        pages = {78},
          doi = {10.3847/1538-4357/acd333},
archivePrefix = {arXiv},
       eprint = {2305.07563},
 primaryClass = {astro-ph.SR},
       adsurl = {https://ui.adsabs.harvard.edu/abs/2023ApJ...951...78A},
      adsnote = {Provided by the SAO/NASA Astrophysics Data System}
}

@ARTICLE{Calamida2022,
       author = {{Calamida}, Annalisa and {Matheson}, Thomas and {Olszewski}, Edward W. and {Saha}, Abhijit and {Axelrod}, Tim and {Shanahan}, Clare and {Holberg}, Jay and {Points}, Sean and {Narayan}, Gautham and {Malanchev}, Konstantin and {Ridden-Harper}, Ryan and {Gentile-Fusillo}, Nicola and {Raddi}, Roberto and {Bohlin}, Ralph and {Rest}, Armin and {Hubeny}, Ivan and {Deustua}, Susana and {Mackenty}, John and {Sabbi}, Elena and {Stubbs}, Christopher W.},
        title = "{Perfecting Our Set of Spectrophotometric Standard DA White Dwarfs}",
      journal = {\apj},
     keywords = {Flux calibration, Photometric standard stars, Spectrophotometric standards, Variable stars, DA stars, White dwarf stars, Time series analysis, 544, 1232, 1555, 1761, 348, 1799, 1916, Astrophysics - Solar and Stellar Astrophysics, Astrophysics - Astrophysics of Galaxies, Astrophysics - Instrumentation and Methods for Astrophysics},
         year = 2022,
        month = nov,
       volume = {940},
       number = {1},
          eid = {19},
        pages = {19},
          doi = {10.3847/1538-4357/ac96f4},
archivePrefix = {arXiv},
       eprint = {2209.09950},
 primaryClass = {astro-ph.SR},
       adsurl = {https://ui.adsabs.harvard.edu/abs/2022ApJ...940...19C},
      adsnote = {Provided by the SAO/NASA Astrophysics Data System}
}

@ARTICLE{Neveu2023,
       author = {{Neveu}, J{\'e}r{\'e}my and {Br{\'e}maud}, Vincent and {Antilogus}, Pierre and {Barret}, Florent and {Bongard}, S{\'e}bastien and {Copin}, Yannick and {Dagoret-Campagne}, Sylvie and {Juramy}, Claire and {Le-Guillou}, Laurent and {Moniez}, Marc and {Sepulveda}, Eduardo and {The LSST Dark Energy Science Collaboration}},
        title = "{Slitless spectrophotometry with forward modelling: principles and application to atmospheric transmission measurement}",
      journal = {arXiv e-prints},
     keywords = {Astrophysics - Instrumentation and Methods for Astrophysics},
         year = 2023,
        month = jul,
          eid = {arXiv:2307.04898},
        pages = {arXiv:2307.04898},
          doi = {10.48550/arXiv.2307.04898},
archivePrefix = {arXiv},
       eprint = {2307.04898},
 primaryClass = {astro-ph.IM},
       adsurl = {https://ui.adsabs.harvard.edu/abs/2023arXiv230704898N},
      adsnote = {Provided by the SAO/NASA Astrophysics Data System}
}

@ARTICLE{Fusillo2020,
       author = {{Gentile Fusillo}, Nicola Pietro and {Tremblay}, Pier-Emmanuel and {Bohlin}, Ralph C. and {Deustua}, Susana E. and {Kalirai}, Jason S.},
        title = "{Cool white dwarfs as standards for infrared observations}",
      journal = {\mnras},
     keywords = {line: profiles, stars: fundamental parameters, stars: individual: WD1327-083, stars: individual: WD2341+322, white dwarfs, infrared: general, Astrophysics - Solar and Stellar Astrophysics, Astrophysics - Astrophysics of Galaxies},
         year = 2020,
        month = jan,
       volume = {491},
       number = {3},
        pages = {3613-3623},
          doi = {10.1093/mnras/stz2984},
archivePrefix = {arXiv},
       eprint = {1910.08087},
 primaryClass = {astro-ph.SR},
       adsurl = {https://ui.adsabs.harvard.edu/abs/2020MNRAS.491.3613G},
      adsnote = {Provided by the SAO/NASA Astrophysics Data System}
}

@ARTICLE{Bohlin20144,
       author = {{Bohlin}, Ralph C. and {Gordon}, Karl D. and {Tremblay}, P. -E.},
        title = "{Techniques and Review of Absolute Flux Calibration from the Ultraviolet to the Mid-Infrared}",
      journal = {\pasp},
     keywords = {Astrophysics - Instrumentation and Methods for Astrophysics, Astrophysics - Solar and Stellar Astrophysics},
         year = 2014,
        month = aug,
       volume = {126},
       number = {942},
        pages = {711},
          doi = {10.1086/677655},
archivePrefix = {arXiv},
       eprint = {1406.1707},
 primaryClass = {astro-ph.IM},
       adsurl = {https://ui.adsabs.harvard.edu/abs/2014PASP..126..711B},
      adsnote = {Provided by the SAO/NASA Astrophysics Data System}
}

@article{iminuit,
  author={Hans Dembinski and Piti Ongmongkolkul et al.},
  title={scikit-hep/iminuit},
  DOI={10.5281/zenodo.3949207},
  publisher={Zenodo},
  year={2020},
  month={Dec},
  url={https://doi.org/10.5281/zenodo.3949207}
}

@book{zhang2009radiometric,
  title={Radiometric temperature measurements: I. Fundamentals},
  author={Zhang, Zhuomin M and Tsai, Benjamin K and Machin, Graham},
  year={2009},
  publisher={Academic press}
}

@article{Fu1993,
      author = "Qiang  Fu and K. N.  Liou",
      title = "Parameterization of the Radiative Properties of Cirrus Clouds",
      journal = "Journal of Atmospheric Sciences",
      year = "1993",
      publisher = "American Meteorological Society",
      address = "Boston MA, USA",
      volume = "50",
      number = "13",
      doi = "https://doi.org/10.1175/1520-0469(1993)050<2008:POTRPO>2.0.CO;2",
      pages=      "2008 - 2025",
      url = "https://journals.ametsoc.org/view/journals/atsc/50/13/1520-0469_1993_050_2008_potrpo_2_0_co_2.xml"
}

@article {DeSlover1999,
      author = "Daniel H.  DeSlover and William L.  Smith and Paivi K.  Piironen and Edwin W.  Eloranta",
      title = "A Methodology for Measuring Cirrus Cloud Visible-to-Infrared Spectral Optical Depth Ratios",
      journal = "Journal of Atmospheric and Oceanic Technology",
      year = "1999",
      publisher = "American Meteorological Society",
      address = "Boston MA, USA",
      volume = "16",
      number = "2",
      doi = "https://doi.org/10.1175/1520-0426(1999)016<0251:AMFMCC>2.0.CO;2",
      pages=      "251 - 262",
      url = "https://journals.ametsoc.org/view/journals/atot/16/2/1520-0426_1999_016_0251_amfmcc_2_0_co_2.xml"
}

@article{Rascado2013,
    author = {Rascado, Juan Luis and Costa, Maria João and Silva, Ana and Olmo, F.},
    year = {2013},
    month = {04},
    pages = {210–220},
    title = {Retrieval and variability analysis of optically thin cloud optical depths from a Cimel sun-photometer},
    volume = {127},
    journal = {Atmospheric Research},
    doi = {10.1016/j.atmosres.2012.10.025}
    }

@article {Heymsfield2017,
    author = "Andrew J. Heymsfield and Martina Krämer and Anna Luebke and Phil Brown and Daniel J. Cziczo and Charmaine Franklin and Paul Lawson and Ulrike Lohmann and Greg McFarquhar and Zbigniew Ulanowski and Kristof Van Tricht",
    title = "Cirrus Clouds",
    journal = "Meteorological Monographs",
    year = "2017",
    publisher = "American Meteorological Society",
    address = "Boston MA, USA",
    volume = "58",
    doi = "https://doi.org/10.1175/AMSMONOGRAPHS-D-16-0010.1",
    pages=      "2.1 - 2.26",
    url = "https://journals.ametsoc.org/view/journals/amsm/58/1/amsmonographs-d-16-0010.1.xml"
}

@article {Jessup2008,
      author = "A. T.  Jessup and R.  Branch",
      title = "Integrated Ocean Skin and Bulk Temperature Measurements Using the Calibrated Infrared In Situ Measurement System (CIRIMS) and Through-Hull Ports",
      journal = "Journal of Atmospheric and Oceanic Technology",
      year = "2008",
      publisher = "American Meteorological Society",
      address = "Boston MA, USA",
      volume = "25",
      number = "4",
      doi = "https://doi.org/10.1175/2007JTECHO479.1",
      pages=      "579 - 597",
      url = "https://journals.ametsoc.org/view/journals/atot/25/4/2007jtecho479_1.xml"
}

@book{liou1992radiation,
  title={Radiation and cloud processes in the atmosphere. Theory, observation, and modeling},
  author={Liou, Kuo-Nan},
  year={1992},
  publisher={New York, NY (United States); Oxford University Press}
}

@article{hu2004application,
  title={Application of deep convective cloud albedo observation to satellite-based study of the terrestrial atmosphere: Monitoring the stability of spaceborne measurements and assessing absorption anomaly},
  author={Hu, Yongxiang and Wielicki, Bruce A and Yang, Ping and Stackhouse, Paul W and Lin, Bin and Young, David F},
  journal={IEEE Transactions on Geoscience and Remote Sensing},
  volume={42},
  number={11},
  pages={2594--2599},
  year={2004},
  publisher={IEEE}
}

@article{petzold2015global,
  title={Global-scale atmosphere monitoring by in-service aircraft--current achievements and future prospects of the European Research Infrastructure IAGOS},
  author={Petzold, Andreas and Thouret, Valerie and Gerbig, Christoph and Zahn, Andreas and Brenninkmeijer, Carl AM and Gallagher, Martin and Hermann, Markus and Pontaud, Marc and Ziereis, Helmut and Boulanger, Damien and others},
  journal={Tellus B: Chemical and Physical Meteorology},
  volume={67},
  number={1},
  pages={28452},
  year={2015},
  publisher={Taylor \& Francis}
}

@article{paczynski2000monitoring,
  title={Monitoring All Sky for Variability1},
  author={Paczy{\'n}ski, Bohdan},
  journal={Publications of the Astronomical Society of the Pacific},
  volume={112},
  number={776},
  pages={1281},
  year={2000},
  publisher={IOP Publishing}
}

@article{mandat2014all,
  title={All Sky Camera instrument for night sky monitoring},
  author={Mandat, Dusan and Pech, Miroslav and Hrabovsky, Miroslav and Schovanek, Petr and Palatka, Miroslav and Travnicek, Petr and Prouza, Michael and Ebr, Jan},
  journal={arXiv preprint arXiv:1402.4762},
  year={2014}
}

@article{ring2012infrared,
  title={Infrared thermal imaging in medicine},
  author={Ring, EFJ and Ammer, Kurt},
  journal={Physiological measurement},
  volume={33},
  number={3},
  pages={R33},
  year={2012},
  publisher={IOP Publishing}
}

@article{ishimwe2014applications,
  title={Applications of thermal imaging in agriculture—A review},
  author={Ishimwe, Roselyne and Abutaleb, K and Ahmed, Faruk and others},
  journal={Advances in remote Sensing},
  volume={3},
  number={03},
  pages={128},
  year={2014},
  publisher={Scientific Research Publishing}
}

@article{gowen2010applications,
  title={Applications of thermal imaging in food quality and safety assessment},
  author={Gowen, AA and Tiwari, BK and Cullen, PJ and McDonnell, K and O'Donnell, CP},
  journal={Trends in food science \& technology},
  volume={21},
  number={4},
  pages={190--200},
  year={2010},
  publisher={Elsevier}
}

@inproceedings{akula2011thermal,
  title={Thermal imaging and its application in defence systems},
  author={Akula, Aparna and Ghosh, Ripul and Sardana, HK},
  booktitle={AIP conference proceedings},
  volume={1391},
  pages={333--335},
  year={2011},
  organization={American Institute of Physics}
}


@inproceedings{liandrat2017cloud,
  title={Cloud cover forecast from a ground-based all sky infrared thermal camera},
  author={Liandrat, Olivier and Cros, Sylvain and Braun, Antonin and Saint-Antonin, Laurent and Decroix, Jacques and Schmutz, Nicolas},
  booktitle={Remote Sensing of Clouds and the Atmosphere XXII},
  volume={10424},
  pages={19--31},
  year={2017},
  organization={SPIE}
}

@inproceedings{lopez2017contribution,
  title={Contribution of thermal infrared images on the understanding of the subsurface/atmosphere exchanges on Earth.},
  author={Lopez, Teodolina and Antoine, Rapha{\"e}l and Baratoux, David and Rabinowicz, Michel},
  booktitle={EGU General Assembly Conference Abstracts},
  pages={11811},
  year={2017}
}

@article{nikolenko2021infrared,
  title={Infrared (thermal) camera for monitoring the state of the atmosphere above the sea horizon of the Simeiz Observatory INASAN},
  author={Nikolenko, IV and Maslov, IA},
  journal={INASAN Science Reports},
  volume={6},
  pages={85--87},
  year={2021}
}

@inproceedings{wong2009effective,
  title={An effective surveillance system using thermal camera},
  author={Wong, Wai Kit and Tan, Poi Ngee and Loo, Chu Kiong and Lim, Way Soong},
  booktitle={2009 international conference on signal acquisition and processing},
  pages={13--17},
  year={2009},
  organization={IEEE}
}

@ARTICLE{ICI,
  author={Thurairajah, B. and Shaw, J.A.},
  journal={IEEE Transactions on Geoscience and Remote Sensing}, 
  title={Cloud statistics measured with the infrared cloud imager (ICI)}, 
  year={2005},
  volume={43},
  number={9},
  pages={2000-2007},
  doi={10.1109/TGRS.2005.853716}
}


@Article{rs13091852,
AUTHOR = {Wang, Yiren and Liu, Dong and Xie, Wanyi and Yang, Ming and Gao, Zhenyu and Ling, Xinfeng and Huang, Yong and Li, Congcong and Liu, Yong and Xia, Yingwei},
TITLE = {Day and Night Clouds Detection Using a Thermal-Infrared All-Sky-View Camera},
JOURNAL = {Remote Sensing},
VOLUME = {13},
YEAR = {2021},
NUMBER = {9},
ARTICLE-NUMBER = {1852},
URL = {https://www.mdpi.com/2072-4292/13/9/1852},
ISSN = {2072-4292},
DOI = {10.3390/rs13091852}
}

@article{WoodVasey2022,
doi = {10.3847/1538-3881/ac63bb},
url = {https://dx.doi.org/10.3847/1538-3881/ac63bb},
year = {2022},
month = {may},
publisher = {The American Astronomical Society},
volume = {163},
number = {6},
pages = {283},
author = {W. M. Wood-Vasey and Daniel Perrefort and Ashley D. Baker},
title = {GPS Measurements of Precipitable Water Vapor Can Improve Survey Calibration: A Demonstration from KPNO and the Mayall z-band Legacy Survey},
journal = {The Astronomical Journal}
}


@Article{rs12091382,
AUTHOR = {Alonso-Montesinos, Joaquín},
TITLE = {Real-Time Automatic Cloud Detection Using a Low-Cost Sky Camera},
JOURNAL = {Remote Sensing},
VOLUME = {12},
YEAR = {2020},
NUMBER = {9},
ARTICLE-NUMBER = {1382},
URL = {https://www.mdpi.com/2072-4292/12/9/1382},
ISSN = {2072-4292},
ABSTRACT = {Characterizing the atmosphere is one of the most complex studies one can undertake due to the non-linearity and phenomenological variability. Clouds are also among the most variable atmospheric constituents, changing their size and shape over a short period of time. There are several sectors in which the study of cloudiness is of vital importance. In the renewable field, the increasing development of solar technology and the emerging trend for constructing and operating solar plants across the earth&rsquo;s surface requires very precise control systems that provide optimal energy production management. Similarly, airports are hubs where cloud coverage is required to provide high-precision periodic observations that inform airport operators about the state of the atmosphere. This work presents an autonomous cloud detection system, in real time, based on the digital image processing of a low-cost sky camera. An algorithm was developed to identify the clouds in the whole image using the relationships established between the channels of the RGB and Hue, Saturation, Value (HSV) color spaces. The system&rsquo;s overall success rate is approximately 94% for all types of sky conditions; this is a novel development which makes it possible to identify clouds from a ground perspective without the use of radiometric parameters.},
DOI = {10.3390/rs12091382}
}

@article{dev2019cloudsegnet,
  title={CloudSegNet: A deep network for nychthemeron cloud image segmentation},
  author={Dev, Soumyabrata and Nautiyal, Atul and Lee, Yee Hui and Winkler, Stefan},
  journal={IEEE Geoscience and Remote Sensing Letters},
  volume={16},
  number={12},
  pages={1814--1818},
  year={2019},
  publisher={IEEE}
}


@Article{en14196156,
AUTHOR = {Hensel, Stefan and Marinov, Marin B. and Koch, Michael and Arnaudov, Dimitar},
TITLE = {Evaluation of Deep Learning-Based Neural Network Methods for Cloud Detection and Segmentation},
JOURNAL = {Energies},
VOLUME = {14},
YEAR = {2021},
NUMBER = {19},
ARTICLE-NUMBER = {6156},
URL = {https://www.mdpi.com/1996-1073/14/19/6156},
ISSN = {1996-1073},
ABSTRACT = {This paper presents a systematic approach for accurate short-time cloud coverage prediction based on a machine learning (ML) approach. Based on a newly built omnidirectional ground-based sky camera system, local training and evaluation data sets were created. These were used to train several state-of-the-art deep neural networks for object detection and segmentation. For this purpose, the camera-generated a full hemispherical image every 30 min over two months in daylight conditions with a fish-eye lens. From this data set, a subset of images was selected for training and evaluation according to various criteria. Deep neural networks, based on the two-stage R-CNN architecture, were trained and compared with a U-net segmentation approach implemented by CloudSegNet. All chosen deep networks were then evaluated and compared according to the local situation.},
DOI = {10.3390/en14196156}
}

@ARTICLE{CloudUNet,

  author={Shi, Chaojun and Zhou, Yatong and Qiu, Bo and Guo, Dongjiao and Li, Mengci},
  journal={IEEE Geoscience and Remote Sensing Letters}, 
  title={CloudU-Net: A Deep Convolutional Neural Network Architecture for Daytime and Nighttime Cloud Images’ Segmentation}, 
  year={2021},
  volume={18},
  number={10},
  pages={1688-1692},
  doi={10.1109/LGRS.2020.3009227}}


@article{CloudUNetv2,
  title={CloudU-Netv2: A cloud segmentation method for ground-based cloud images based on deep learning},
  author={Shi, Chaojun and Zhou, Yatong and Qiu, Bo},
  journal={Neural Processing Letters},
  volume={53},
  number={4},
  pages={2715--2728},
  year={2021},
  publisher={Springer}
}

@article{makwana2022aclnet,
  title={ACLNet: an attention and clustering-based cloud segmentation network},
  author={Makwana, Dhruv and Nag, Subhrajit and Susladkar, Onkar and Deshmukh, Gayatri and Teja R, Sai Chandra and Mittal, Sparsh and Mohan, C Krishna},
  journal={Remote Sensing Letters},
  volume={13},
  number={9},
  pages={865--875},
  year={2022},
  publisher={Taylor \& Francis}
}

@article{shi2022cloudraednet,
  title={CloudRaednet: residual attention-based encoder--decoder network for ground-based cloud images segmentation in nychthemeron},
  author={Shi, Chaojun and Zhou, Yatong and Qiu, Bo},
  journal={International Journal of Remote Sensing},
  volume={43},
  number={6},
  pages={2059--2075},
  year={2022},
  publisher={Taylor \& Francis}
}

@article{kanu2020cloudx,
  title={CloudX-net: A robust encoder-decoder architecture for cloud detection from satellite remote sensing images},
  author={Kanu, Sumit and Khoja, Rohit and Lal, Shyam and Raghavendra, BS and Asha, CS},
  journal={Remote Sensing Applications: Society and Environment},
  volume={20},
  pages={100417},
  year={2020},
  publisher={Elsevier}
}

@article{chen2023novel,
  title={A novel cloud detection method based on segmentation prior and multiple features for Sentinel-2 images},
  author={Chen, Liangyu and Pan, Jun and Zhang, Zhuoer},
  journal={International Journal of Remote Sensing},
  volume={44},
  number={16},
  pages={5101--5120},
  year={2023},
  publisher={Taylor \& Francis}
}


@ARTICLE{TransCloudSeg,
  author={Liu, Shuang and Zhang, Jiafeng and Zhang, Zhong and Cao, Xiaozhong and Durrani, Tariq S.},
  journal={IEEE Journal of Selected Topics in Applied Earth Observations and Remote Sensing}, 
  title={TransCloudSeg: Ground-Based Cloud Image Segmentation With Transformer}, 
  year={2022},
  volume={15},
  number={},
  pages={6121-6132},
  doi={10.1109/JSTARS.2022.3194316}}

@ARTICLE{DMNet,
  author={Zhao, Chao and Zhang, Xiang and Luo, Hangzai and Zhong, Sheng and Tang, Lei and Peng, Jinye and Fan, Jianping},
  journal={IEEE Geoscience and Remote Sensing Letters}, 
  title={Detail-Aware Multiscale Context Fusion Network for Cloud Detection}, 
  year={2022},
  volume={19},
  number={},
  pages={1-5},
  doi={10.1109/LGRS.2022.3207426}}

@ARTICLE{MACNN,
  author={Zhang, Zhong and Yang, Shuzhen and Liu, Shuang and Xiao, Baihua and Cao, Xiaozhong},
  journal={IEEE Geoscience and Remote Sensing Letters}, 
  title={Ground-Based Cloud Detection Using Multiscale Attention Convolutional Neural Network}, 
  year={2022},
  volume={19},
  number={},
  pages={1-5},
  doi={10.1109/LGRS.2021.3106337}}

@Article{SegCloud,
AUTHOR = {Xie, W. and Liu, D. and Yang, M. and Chen, S. and Wang, B. and Wang, Z. and Xia, Y. and Liu, Y. and Wang, Y. and Zhang, C.},
TITLE = {SegCloud: a novel cloud image segmentation model using a deep convolutional
neural network for ground-based all-sky-view camera observation},
JOURNAL = {Atmospheric Measurement Techniques},
VOLUME = {13},
YEAR = {2020},
NUMBER = {4},
PAGES = {1953--1961},
URL = {https://amt.copernicus.org/articles/13/1953/2020/},
DOI = {10.5194/amt-13-1953-2020}
}

@article{CloudDeepLabV3,
author = {Sheng Li and Min Wang and Jia Wu and Shuo Sun and Zhihao Zhuang},
title = {CloudDeepLabV3+: a lightweight ground-based cloud segmentation method based on multi-scale feature aggregation and multi-level attention feature enhancement},
journal = {International Journal of Remote Sensing},
volume = {44},
number = {15},
pages = {4836-4856},
year  = {2023},
publisher = {Taylor & Francis},
doi = {10.1080/01431161.2023.2240034},
URL = {https://doi.org/10.1080/01431161.2023.2240034}
}

@ARTICLE{DeepCloud,
  author={Ye, Liang and Cao, Zhiguo and Xiao, Yang},
  journal={IEEE Transactions on Geoscience and Remote Sensing}, 
  title={DeepCloud: Ground-Based Cloud Image Categorization Using Deep Convolutional Features}, 
  year={2017},
  volume={55},
  number={10},
  pages={5729-5740},
  doi={10.1109/TGRS.2017.2712809}}

@article{ADAM,
  title={Adam: A method for stochastic optimization},
  author={Kingma, Diederik P and Ba, Jimmy},
  journal={arXiv preprint arXiv:1412.6980},
  year={2014}
}

@article{RADAM,
  title={On the variance of the adaptive learning rate and beyond},
  author={Liu, Liyuan and Jiang, Haoming and He, Pengcheng and Chen, Weizhu and Liu, Xiaodong and Gao, Jianfeng and Han, Jiawei},
  journal={arXiv preprint arXiv:1908.03265},
  year={2019}
}

@article{McCallumCRF,
  title={Efficiently inducing features of conditional random fields},
  author={McCallum, Andrew},
  journal={arXiv preprint arXiv:1212.2504},
  year={2012},
  eprint={1212.2504},
  archivePrefix={arXiv},
  primaryClass={cs.CV}
}

@article{UNET,
      title={U-Net: Convolutional Networks for Biomedical Image Segmentation}, 
      author={Olaf Ronneberger and Philipp Fischer and Thomas Brox},
      journal={arXiv preprint arXiv:1505.04597},
      year={2015},
      eprint={1505.04597},
      archivePrefix={arXiv},
      primaryClass={cs.CV}
}

@misc{TRANSFORMER,
      title={Attention Is All You Need}, 
      author={Ashish Vaswani and Noam Shazeer and Niki Parmar and Jakob Uszkoreit and Llion Jones and Aidan N. Gomez and Lukasz Kaiser and Illia Polosukhin},
      year={2023},
      eprint={1706.03762},
      archivePrefix={arXiv},
      primaryClass={cs.CL}
}

@article{Long2006,
      author = "C. N.  Long and J. M.  Sabburg and J.  Calbó and D.  Pagès",
      title = "Retrieving Cloud Characteristics from Ground-Based Daytime Color All-Sky Images",
      journal = "Journal of Atmospheric and Oceanic Technology",
      year = "2006",
      publisher = "American Meteorological Society",
      address = "Boston MA, USA",
      volume = "23",
      number = "5",
      doi = "https://doi.org/10.1175/JTECH1875.1",
      pages=      "633 - 652",
      url = "https://journals.ametsoc.org/view/journals/atot/23/5/jtech1875_1.xml"
}

@Article{rs12111902,
  AUTHOR = {Krauz, Lukáš and Janout, Petr and Blažek, Martin and Páta, Petr},
  TITLE = {Assessing Cloud Segmentation in the Chromacity Diagram of All-Sky Images},
  JOURNAL = {Remote Sensing},
  VOLUME = {12},
  YEAR = {2020},
  NUMBER = {11},
  ARTICLE-NUMBER = {1902},
  URL = {https://www.mdpi.com/2072-4292/12/11/1902},
  ISSN = {2072-4292},
  DOI = {10.3390/rs12111902}
}

@article{Sharma2015,
  author = {Sharma, Tarun and Parihar, Padmakar and Kemkar, Mihir},
  year = {2015},
  month = {04},
  pages = {012032},
  title = {All sky scanning cloud monitor for NLOT site survey},
  volume = {595},
  journal = {Journal of Physics: Conference Series},
  doi = {10.1088/1742-6596/595/1/012032}
}

@article{ASC2,
author = {Fa, Tao and Xie, Wanyi and Yiren, Wang and Xia, Yingwei},
year = {2019},
month = {07},
pages = {5516},
title = {Development of an all-sky imaging system for cloud cover assessment},
volume = {58},
journal = {Applied Optics},
doi = {10.1364/AO.58.005516}
}

@misc{ATROUS,
      title={DeepLab: Semantic Image Segmentation with Deep Convolutional Nets, Atrous Convolution, and Fully Connected CRFs}, 
      author={Liang-Chieh Chen and George Papandreou and Iasonas Kokkinos and Kevin Murphy and Alan L. Yuille},
      year={2017},
      eprint={1606.00915},
      archivePrefix={arXiv},
      primaryClass={cs.CV}
}

@misc{GAM,
      title={Global Attention Mechanism: Retain Information to Enhance Channel-Spatial Interactions}, 
      author={Yichao Liu and Zongru Shao and Nico Hoffmann},
      year={2021},
      eprint={2112.05561},
      archivePrefix={arXiv},
      primaryClass={cs.CV}
}

@Article{amt-15-3629-2022,
AUTHOR = {Li, X. and Wang, B. and Qiu, B. and Wu, C.},
TITLE = {An all-sky camera image classification method using cloud cover features},
JOURNAL = {Atmospheric Measurement Techniques},
VOLUME = {15},
YEAR = {2022},
NUMBER = {11},
PAGES = {3629--3639},
URL = {https://amt.copernicus.org/articles/15/3629/2022/},
DOI = {10.5194/amt-15-3629-2022}
}
@article{SUN2011278,
title = {Whole Sky Infrared Remote Sensing of Cloud},
journal = {Procedia Earth and Planetary Science},
volume = {2},
pages = {278-283},
year = {2011},
note = {The Second International Conference on Mining Engineering and Metallurgical Technology (MEMT 2011)},
issn = {1878-5220},
doi = {https://doi.org/10.1016/j.proeps.2011.09.044},
url = {https://www.sciencedirect.com/science/article/pii/S1878522011000452},
author = {Xuejin Sun and Lei Liu and Shijun Zhao},
keywords = {cloud, cloud amount, cloud classification, cloud base height, whole-sky infrared remote sensing}
}

@Article{amt-11-5351-2018,
AUTHOR = {Luo, Q. and Meng, Y. and Liu, L. and Zhao, X. and Zhou, Z.},
TITLE = {Cloud classification of ground-based infrared images combining manifold and
texture features},
JOURNAL = {Atmospheric Measurement Techniques},
VOLUME = {11},
YEAR = {2018},
NUMBER = {9},
PAGES = {5351--5361},
URL = {https://amt.copernicus.org/articles/11/5351/2018/},
DOI = {10.5194/amt-11-5351-2018}
}

@article{Liu2021,
      author = "Lei  Liu and Xuejin  Sun and Feng  Chen and Shijun  Zhao and Taichang  Gao",
      title = "Cloud Classification Based on Structure Features of Infrared Images",
      journal = "Journal of Atmospheric and Oceanic Technology",
      year = "2011",
      publisher = "American Meteorological Society",
      address = "Boston MA, USA",
      volume = "28",
      number = "3",
      doi = "https://doi.org/10.1175/2010JTECHA1385.1",
      pages=      "410 - 417",
      url = "https://journals.ametsoc.org/view/journals/atot/28/3/2010jtecha1385_1.xml"
}

@misc{oshea2015introduction,
      title={An Introduction to Convolutional Neural Networks}, 
      author={Keiron O'Shea and Ryan Nash},
      year={2015},
      eprint={1511.08458},
      archivePrefix={arXiv},
      primaryClass={cs.NE}
}

@article{Alzubaidi2021ReviewOD,
  title={Review of deep learning: concepts, CNN architectures, challenges, applications, future directions},
  author={Laith Alzubaidi and Jinglan Zhang and Amjad J. Humaidi and Ayad Q. Al-Dujaili and Ye Duan and Omran Al-Shamma and Jos{\'e} I. Santamar{\'i}a and Mohammed Abdulraheem Fadhel and Muthana Al-Amidie and Laith Farhan},
  journal={Journal of Big Data},
  year={2021},
  volume={8},
  url={https://api.semanticscholar.org/CorpusID:232434552}
}

@article{badrinarayanan2017segnet,
  title={Segnet: A deep convolutional encoder-decoder architecture for image segmentation},
  author={Badrinarayanan, Vijay and Kendall, Alex and Cipolla, Roberto},
  journal={IEEE transactions on pattern analysis and machine intelligence},
  volume={39},
  number={12},
  pages={2481--2495},
  year={2017},
  publisher={IEEE}
}

@ARTICLE{DPNet,
  author={Zhang, Zhong and Yang, Shuzhen and Liu, Shuang and Cao, Xiaozhong and Durrani, Tariq S.},
  journal={IEEE Transactions on Geoscience and Remote Sensing}, 
  title={Ground-Based Remote Sensing Cloud Detection Using Dual Pyramid Network and Encoder–Decoder Constraint}, 
  year={2022},
  volume={60},
  number={},
  pages={1-10},
  doi={10.1109/TGRS.2022.3163917}}


@article{Burke2014,
	doi = {10.1088/0004-6256/147/1/19},
	url = {https://doi.org/10.1088%2F0004-6256%2F147%2F1%2F19},
	year = 2013,
	month = {dec},
	publisher = {American Astronomical Society},
	volume = {147},
	number = {1},
	pages = {19},
	author = {David L. Burke and Abhijit Saha and Jenna Claver and T. Axelrod and Chuck Claver and Darren DePoy and {\v{Z}
}eljko Ivezi{\'{c}} and Lynne Jones and R. Chris Smith and Christopher W. Stubbs},
	title = {{ALL}-{WEATHER} {CALIBRATION} {OF} {WIDE}-{FIELD} {OPTICAL} {AND} {NIR} {SURVEYS}},
	journal = {The Astronomical Journal}
}

@article{boers2006satellite,
  title={Satellite monitoring of the first indirect aerosol effect: Retrieval of the droplet concentration of water clouds},
  author={Boers, Reinout and Acarreta, Juan R and Gras, John L},
  journal={Journal of Geophysical Research: Atmospheres},
  volume={111},
  number={D22},
  year={2006},
  publisher={Wiley Online Library}
}

@article{kim2018deep,
  title={Deep learning-based monitoring of overshooting cloud tops from geostationary satellite data},
  author={Kim, Miae and Lee, Junghye and Im, Jungho},
  journal={GIScience \& Remote Sensing},
  volume={55},
  number={5},
  pages={763--792},
  year={2018},
  publisher={Taylor \& Francis}
}

@article{schiffer1983international,
  title={The International Satellite Cloud Climatology Project (ISCCP): The first project of the world climate research programme},
  author={Schiffer, Robert A and Rossow, William B},
  journal={Bulletin of the American Meteorological Society},
  volume={64},
  number={7},
  pages={779--784},
  year={1983},
  publisher={American Meteorological Society}
}

@article{geer2017growing,
  title={The growing impact of satellite observations sensitive to humidity, cloud and precipitation},
  author={Geer, AJ and Baordo, F and Bormann, N and Chambon, P and English, SJ and Kazumori, M and Lawrence, H and Lean, P and Lonitz, K and Lupu, C},
  journal={Quarterly Journal of the Royal Meteorological Society},
  volume={143},
  number={709},
  pages={3189--3206},
  year={2017},
  publisher={Wiley Online Library}
}

@article{varnai2018satellite,
  title={Satellite observations of cloud-related variations in aerosol properties},
  author={V{\'a}rnai, Tam{\'a}s and Marshak, Alexander},
  journal={Atmosphere},
  volume={9},
  number={11},
  pages={430},
  year={2018},
  publisher={MDPI}
}


@article{schreiner1993comparison,
  title={A comparison of ground and satellite observations of cloud cover},
  author={Schreiner, Anthony J and Unger, David A and Menzel, W Paul and Ellrod, Gary P and Strabala, Kathy I and Pellet, Jackson L},
  journal={Bulletin of the American Meteorological Society},
  volume={74},
  number={10},
  pages={1851--1862},
  year={1993},
  publisher={American Meteorological Society}
}

@article{mokhov1994analysis,
  title={Analysis of global cloudiness: 2. Comparison of ground-based and satellite-based cloud climatologies},
  author={Mokhov, Igor L and Schlesinger, Michael E},
  journal={Journal of Geophysical Research: Atmospheres},
  volume={99},
  number={D8},
  pages={17045--17065},
  year={1994},
  publisher={Wiley Online Library}
}


@article{bower2000ace,
  title={ACE-2 HILLCLOUD. An overview of the ACE-2 ground-based cloud experiment},
  author={Bower, KN and Choularton, TW and Gallagher, MW and Beswick, KM and Flynn, MJ and Allen, AG and Davison, BM and James, JD and Robertson, L and Harrison, RM and others},
  journal={Tellus B},
  volume={52},
  number={2},
  pages={750--778},
  year={2000},
  publisher={Wiley Online Library}
}

@article{zhou2019cloud,
  title={Cloud-base and cloud-top heights determined from a ground-based cloud radar in Beijing, China},
  author={Zhou, Qing and Zhang, Yong and Li, Bai and Li, Liangxu and Feng, Jinming and Jia, Shuze and Lv, Shanshan and Tao, Fa and Guo, Jianping},
  journal={Atmospheric environment},
  volume={201},
  pages={381--390},
  year={2019},
  publisher={Elsevier}
}

@article{yamashita2012ground,
  title={Ground-based cloud observation for satellite-based cloud discrimination and its validation},
  author={Yamashita, M and Yoshimura, M},
  journal={The International Archives of the Photogrammetry, Remote Sensing and Spatial Information Sciences},
  volume={39},
  pages={137--140},
  year={2012},
  publisher={Copernicus GmbH}
}

@article{yoshimura2013contribution,
  title={Contribution of ground-based cloud observation to satellite-based cloud discrimination},
  author={Yoshimura, Mitsunori and Yamashita, Megumi},
  journal={Journal of Environmental Science and Engineering. A},
  volume={2},
  number={8A},
  pages={487},
  year={2013},
  publisher={David Publishing Company, Inc.}
}

@article{martin2008satellite,
  title={Satellite remote sensing of surface air quality},
  author={Martin, Randall V},
  journal={Atmospheric environment},
  volume={42},
  number={34},
  pages={7823--7843},
  year={2008},
  publisher={Elsevier}
}


@article{roy2017satellite,
  title={Satellite remote sensing: sensors, applications and techniques},
  author={Roy, PS and Behera, MD and Srivastav, SK},
  journal={Proceedings of the National Academy of Sciences, India Section A: Physical Sciences},
  volume={87},
  pages={465--472},
  year={2017},
  publisher={Springer}
}

@article{wilczak1996ground,
  title={Ground-based remote sensing of the atmospheric boundary layer: 25 years of progress},
  author={Wilczak, JM and Gossard, EE and Neff, WD and Eberhard, WL},
  journal={Boundary-Layer Meteorology},
  volume={78},
  pages={321--349},
  year={1996},
  publisher={Springer}
}

@inproceedings{gallo1993low,
  title={Low-cost uncooled IR sensor for battlefield surveillance},
  author={Gallo, Michael A and Willits, David Scott and Lubke, Roger A and Thiede, Edwin C},
  booktitle={Infrared Technology XIX},
  volume={2020},
  pages={351--362},
  year={1993},
  organization={SPIE}
}

@article{sun2008whole,
  title={Whole sky infrared cloud measuring system based on the uncooled infrared focal plane array},
  author={Sun, Xue-Jin and Gao, Tai-Chang and Zhai, Dong-Li and Zhao, Shi-Jun and Lian, Jin-Gen},
  year={2008},
  publisher={hongwai yu jiguang gongchenginfrared and laser engineering}
}

@article{Klebe2010,
author = {Sebag, Jacques and Andrew, John and Klebe, Dimitri and Blatherwick, Ronald},
year = {2010},
month = {07},
pages = {},
title = {LSST all-sky IR camera cloud monitoring test results},
volume = {7733},
journal = {Proceedings of SPIE - The International Society for Optical Engineering},
doi = {10.1117/12.856337}
}

@article{Li2016,
	doi = {10.3847/0004-6256/151/6/157},
	url = {https://doi.org/10.3847%2F0004-6256%2F151%2F6%2F157},
	year = 2016,
	month = {may},
  
	publisher = {American Astronomical Society},
  
	volume = {151},
  
	number = {6},
  
	pages = {157},
  
	author = {T. S. Li and D. L. DePoy and J. L. Marshall and D. Tucker and R. Kessler and J. Annis and G. M. Bernstein and S. Boada and D. L. Burke and D. A. Finley and D. J. James and S. Kent and H. Lin and J. Marriner and N. Mondrik and D. Nagasawa and E. S. Rykoff and D. Scolnic and A. R. Walker and W. Wester and T. M. C. Abbott and S. Allam and A. Benoit-L{\'{e}
}vy and E. Bertin and D. Brooks and D. Capozzi and A. Carnero Rosell and M. Carrasco Kind and J. Carretero and M. Crocce and C. E. Cunha and C. B. D'Andrea and L. N. da Costa and S. Desai and H. T. Diehl and P. Doel and B. Flaugher and P. Fosalba and J. Frieman and E. Gaztanaga and D. A. Goldstein and D. Gruen and R. A. Gruendl and G. Gutierrez and K. Honscheid and K. Kuehn and N. Kuropatkin and M. A. G. Maia and P. Melchior and C. J. Miller and R. Miquel and J. J. Mohr and E. Neilsen and R. C. Nichol and B. Nord and R. Ogando and A. A. Plazas and A. K. Romer and A. Roodman and M. Sako and E. Sanchez and V. Scarpine and M. Schubnell and I. Sevilla-Noarbe and R. C. Smith and M. Soares-Santos and F. Sobreira and E. Suchyta and G. Tarle and D. Thomas and V. Vikram and},
  
	title = {{ASSESSMENT} {OF} {SYSTEMATIC} {CHROMATIC} {ERRORS} {THAT} {IMPACT} {SUB}-1{\%} {PHOTOMETRIC} {PRECISION} {IN} {LARGE}-{AREA} {SKY} {SURVEYS}},
  
	journal = {The Astronomical Journal}
}

@misc{stubbs2012addressing,
      title={Addressing the Photometric Calibration Challenge: Explicit Determination of the Instrumental Response and Atmospheric Response Functions, and Tying it All Together}, 
      author={Christopher W. Stubbs and John L. Tonry},
      year={2012},
      eprint={1206.6695},
      archivePrefix={arXiv},
      primaryClass={astro-ph.IM}
}

@article{Burke2017,
	doi = {10.3847/1538-3881/aa9f22},
  
	url = {https://doi.org/10.3847%2F1538-3881%2Faa9f22},
  
	year = 2017,
	month = {dec},
  
	publisher = {American Astronomical Society},
  
	volume = {155},
  
	number = {1},
  
	pages = {41},
  
	author = {D. L. Burke and E. S. Rykoff and S. Allam and J. Annis and K. Bechtol and G. M. Bernstein and A. Drlica-Wagner and D. A. Finley and R. A. Gruendl and D. J. James and S. Kent and R. Kessler and S. Kuhlmann and J. Lasker and T. S. Li and D. Scolnic and J. Smith and D. L. Tucker and W. Wester and B. Yanny and T. M. C. Abbott and F. B. Abdalla and A. Benoit-L{\'{e}
}vy and E. Bertin and A. Carnero Rosell and M. Carrasco Kind and J. Carretero and C. E. Cunha and C. B. D'Andrea and L. N. da Costa and S. Desai and H. T. Diehl and P. Doel and J. Estrada and J. Garc{\'{\i}}a-Bellido and D. Gruen and G. Gutierrez and K. Honscheid and K. Kuehn and N. Kuropatkin and M. A. G. Maia and M. March and J. L. Marshall and P. Melchior and F. Menanteau and R. Miquel and A. A. Plazas and M. Sako and E. Sanchez and V. Scarpine and R. Schindler and I. Sevilla-Noarbe and M. Smith and R. C. Smith and M. Soares-Santos and F. Sobreira and E. Suchyta and G. Tarle and A. R. Walker and},
  
	title = {Forward Global Photometric Calibration of the Dark Energy Survey},
  
	journal = {The Astronomical Journal}
}

@article {Yang2012,
      author = "Jun  Yang and Weitao  Lu and Ying  Ma and Wen  Yao",
      title = "An Automated Cirrus Cloud Detection Method for a Ground-Based Cloud Image",
      journal = "Journal of Atmospheric and Oceanic Technology",
      year = "2012",
      publisher = "American Meteorological Society",
      address = "Boston MA, USA",
      volume = "29",
      number = "4",
      doi = "https://doi.org/10.1175/JTECH-D-11-00002.1",
      pages=      "527 - 537",
      url = "https://journals.ametsoc.org/view/journals/atot/29/4/jtech-d-11-00002_1.xml"
}

@inproceedings{Liandrat2017,
author = {Liandrat, Olivier and Cros, Sylvain and Braun, Antonin and Saint-Antonin, Laurent and Decroix, Jacques and Schmutz, Nicolas},
year = {2017},
month = {10},
pages = {10},
title = {Cloud cover forecast from a ground-based all sky infrared thermal camera},
doi = {10.1117/12.2278636}
}

@misc{simonyan2015deep,
      title={Very Deep Convolutional Networks for Large-Scale Image Recognition}, 
      author={Karen Simonyan and Andrew Zisserman},
      year={2015},
      eprint={1409.1556},
      archivePrefix={arXiv},
      primaryClass={cs.CV}
}

@article{canziani2016analysis,
  title={An analysis of deep neural network models for practical applications},
  author={Canziani, Alfredo and Paszke, Adam and Culurciello, Eugenio},
  journal={arXiv preprint arXiv:1605.07678},
  year={2016}
}

@article{agarap2018deep,
  title={Deep learning using rectified linear units (relu)},
  author={Agarap, Abien Fred},
  journal={arXiv preprint arXiv:1803.08375},
  year={2018}
}

@misc{ioffe2015batch,
      title={Batch Normalization: Accelerating Deep Network Training by Reducing Internal Covariate Shift}, 
      author={Sergey Ioffe and Christian Szegedy},
      year={2015},
      eprint={1502.03167},
      archivePrefix={arXiv},
      primaryClass={cs.LG}
}

@article{bjorck2018understanding,
  title={Understanding batch normalization},
  author={Bjorck, Nils and Gomes, Carla P and Selman, Bart and Weinberger, Kilian Q},
  journal={Advances in neural information processing systems},
  volume={31},
  year={2018}
}

@article{lecun1995convolutional,
  title={Convolutional networks for images, speech, and time series},
  author={LeCun, Yann and Bengio, Yoshua and others},
  journal={The handbook of brain theory and neural networks},
  volume={3361},
  number={10},
  pages={1995},
  year={1995},
  publisher={Citeseer}
}

@inproceedings{Krizhevsky2012,
 author = {Krizhevsky, Alex and Sutskever, Ilya and Hinton, Geoffrey E},
 booktitle = {Advances in Neural Information Processing Systems},
 editor = {F. Pereira and C.J. Burges and L. Bottou and K.Q. Weinberger},
 pages = {},
 publisher = {Curran Associates, Inc.},
 title = {ImageNet Classification with Deep Convolutional Neural Networks},
 url = {https://proceedings.neurips.cc/paper_files/paper/2012/file/c399862d3b9d6b76c8436e924a68c45b-Paper.pdf},
 volume = {25},
 year = {2012}
}

@inproceedings{Optuna,
    title={Optuna: A Next-generation Hyperparameter Optimization Framework},
    author={Akiba, Takuya and Sano, Shotaro and Yanase, Toshihiko and Ohta, Takeru and Koyama, Masanori},
    booktitle={Proceedings of the 25th {ACM} {SIGKDD} International Conference on Knowledge Discovery and Data Mining},
    year={2019}
}

@misc{Keras,
  title={Keras},
  author={Chollet, Fran\c{c}ois and others},
  year={2015},
  howpublished={\url{https://keras.io}},
}

@misc{TensorFlow,
title={ {TensorFlow}: Large-Scale Machine Learning on Heterogeneous Systems},
url={https://www.tensorflow.org/},
note={Software available from tensorflow.org},
author={
    Mart\'{i}n~Abadi and
    Ashish~Agarwal and
    Paul~Barham and
    Eugene~Brevdo and
    Zhifeng~Chen and
    Craig~Citro and
    Greg~S.~Corrado and
    Andy~Davis and
    Jeffrey~Dean and
    Matthieu~Devin and
    Sanjay~Ghemawat and
    Ian~Goodfellow and
    Andrew~Harp and
    Geoffrey~Irving and
    Michael~Isard and
    Yangqing Jia and
    Rafal~Jozefowicz and
    Lukasz~Kaiser and
    Manjunath~Kudlur and
    Josh~Levenberg and
    Dandelion~Man\'{e} and
    Rajat~Monga and
    Sherry~Moore and
    Derek~Murray and
    Chris~Olah and
    Mike~Schuster and
    Jonathon~Shlens and
    Benoit~Steiner and
    Ilya~Sutskever and
    Kunal~Talwar and
    Paul~Tucker and
    Vincent~Vanhoucke and
    Vijay~Vasudevan and
    Fernanda~Vi\'{e}gas and
    Oriol~Vinyals and
    Pete~Warden and
    Martin~Wattenberg and
    Martin~Wicke and
    Yuan~Yu and
    Xiaoqiang~Zheng},
  year={2015},
}

@Article{amt-11-5549-2018,
AUTHOR = {Aebi, C. and Gr\"obner, J. and K\"ampfer, N.},
TITLE = {Cloud fraction determined by thermal infrared and visible all-sky cameras},
JOURNAL = {Atmospheric Measurement Techniques},
VOLUME = {11},
YEAR = {2018},
NUMBER = {10},
PAGES = {5549--5563},
URL = {https://amt.copernicus.org/articles/11/5549/2018/},
DOI = {10.5194/amt-11-5549-2018}
}

@article{Smith2008,
      author = "Stephen Smith and Ralf Toumi",
      title = "Measuring Cloud Cover and Brightness Temperature with a Ground-Based Thermal Infrared Camera",
      journal = "Journal of Applied Meteorology and Climatology",
      year = "2008",
      publisher = "American Meteorological Society",
      address = "Boston MA, USA",
      volume = "47",
      number = "2",
      doi = "https://doi.org/10.1175/2007JAMC1615.1",
      pages=      "683 - 693",
      url = "https://journals.ametsoc.org/view/journals/apme/47/2/2007jamc1615.1.xml"
}



@Article{environsciproc2023026033,
AUTHOR = {Salamalikis, Vasileios and Tzoumanikas, Panayiotis and Argiriou, Athanassios A. and Kazantzidis, Andreas},
TITLE = {Estimation of Precipitable Water Using Thermal Infrared Images},
JOURNAL = {Environmental Sciences Proceedings},
VOLUME = {26},
YEAR = {2023},
NUMBER = {1},
ARTICLE-NUMBER = {33},
URL = {https://www.mdpi.com/2673-4931/26/1/33},
ISSN = {2673-4931},
ABSTRACT = {Atmospheric water vapor is an important greenhouse gas, mainly distributed in the lower tropospheric levels where its concentration varies significantly in space and time; consequently, so does precipitable water. This work uses information from thermal infrared images to model precipitable water (PW) under clear skies. PW is measured using a portable sun-photometer and thermal images obtained through a high-cost thermal infrared camera. PW depends on the zenith-point temperature (Tb) exhibiting a non-linear positive exponential relationship, with systematic and dispersion errors of 0.04 mm and 1.9 mm.},
DOI = {10.3390/environsciproc2023026033}
}

@Article{amt-15-1563-2022,
AUTHOR = {Kelsey, V. and Riley, S. and Minschwaner, K.},
TITLE = {Atmospheric precipitable water vapor and its correlation with clear-sky infrared temperature observations},
JOURNAL = {Atmospheric Measurement Techniques},
VOLUME = {15},
YEAR = {2022},
NUMBER = {5},
PAGES = {1563--1576},
URL = {https://amt.copernicus.org/articles/15/1563/2022/},
DOI = {10.5194/amt-15-1563-2022}
}

@misc{dev2016colorbased,
      title={Color-based Segmentation of Sky/Cloud Images From Ground-based Cameras}, 
      author={Soumyabrata Dev and Yee Hui Lee and Stefan Winkler},
      year={2016},
      eprint={1606.03669},
      archivePrefix={arXiv},
      primaryClass={cs.CV}
}

@article{HYTA,
      author = "Qingyong  Li and Weitao  Lu and Jun  Yang",
      title = "A Hybrid Thresholding Algorithm for Cloud Detection on Ground-Based Color Images",
      journal = "Journal of Atmospheric and Oceanic Technology",
      year = "2011",
      publisher = "American Meteorological Society",
      address = "Boston MA, USA",
      volume = "28",
      number = "10",
      doi = "https://doi.org/10.1175/JTECH-D-11-00009.1",
      pages=      "1286 - 1296",
      url = "https://journals.ametsoc.org/view/journals/atot/28/10/jtech-d-11-00009_1.xml"
}

@data{SWINSEG,
doi = {10.21227/jsf0-ga67},
url = {https://dx.doi.org/10.21227/jsf0-ga67},
author = {Dev, Soumyabrata and Savoy, Florian and Lee, Yee Hui and Winkler, Stefan},
publisher = {IEEE Dataport},
title = {Singapore Whole sky Nighttime Image SEGmentation Database},
year = {2019} }

@misc{dev2017nighttime,
      title={Nighttime sky/cloud image segmentation}, 
      author={Soumyabrata Dev and Florian M. Savoy and Yee Hui Lee and Stefan Winkler},
      year={2017},
      eprint={1705.10583},
      archivePrefix={arXiv},
      primaryClass={cs.CV}
}

@article{cortes1995support,
  title={Support-vector networks},
  author={Cortes, Corinna and Vapnik, Vladimir},
  journal={Machine learning},
  volume={20},
  pages={273--297},
  year={1995},
  publisher={Springer}
}

@article{Astropy2013,
	doi = {10.1051/0004-6361/201322068},
	url = {https://doi.org/10.1051%2F0004-6361%2F201322068},
	year = 2013,
	month = {sep},
	publisher = {{EDP} Sciences},
	volume = {558},
	pages = {A33},
	author = {The {Astropy Collaboration}},
	title = {Astropy: A community Python package for astronomy},
	journal = {Astronomy and Astrophysics}
}

@article{roman2022retrieval,
  title={Retrieval of aerosol properties using relative radiance measurements from an all-sky camera},
  author={Rom{\'a}n, Roberto and Antu{\~n}a-S{\'a}nchez, Juan C and Cachorro, Victoria E and Toledano, Carlos and Torres, Benjam{\'\i}n and Mateos, David and Fuertes, David and L{\'o}pez, C{\'e}sar and Gonz{\'a}lez, Ramiro and Lapionok, Tatyana and others},
  journal={Atmospheric Measurement Techniques},
  volume={15},
  number={2},
  pages={407--433},
  year={2022},
  publisher={Copernicus GmbH}
}

@ARTICLE{Mommert2020,
       author = {Mommert, Michael},
        title = {Cloud Identification from All-sky Camera Data with Machine Learning},
      journal = {The Astrophysical Journal},
         year = {2020},
        month = {apr},
       volume = {159},
       number = {4},
          eid = {178},
        pages = {178},
          doi = {10.3847/1538-3881/ab744f},
archivePrefix = {arXiv},
       eprint = {2003.11109},
}

@inproceedings{skidmore2008using,
  title={Using All Sky Cameras to determine cloud statistics for the Thirty Meter Telescope candidate sites},
  author={Skidmore, Warren and Sch{\"o}ck, Matthias and Magnier, Eugene and Walker, David and Feldman, Dan and Riddle, Reed and Els, Sebastian and Travouillon, Tony and Bustos, Edison and Seguel, Juan and others},
  booktitle={Ground-based and Airborne Telescopes II},
  volume={7012},
  pages={862--870},
  year={2008},
  organization={SPIE}
}

@article{ugolnikov2017noctilucent,
  title={Noctilucent cloud particle size determination based on multi-wavelength all-sky analysis},
  author={Ugolnikov, Oleg S and Galkin, Alexey A and Pilgaev, Sergey V and Roldugin, Alexey V},
  journal={Planetary and Space Science},
  volume={146},
  pages={10--19},
  year={2017},
  publisher={Elsevier}
}

@article{tzoumanikas2016effect,
  title={The effect of clouds on surface solar irradiance, based on data from an all-sky imaging system},
  author={Tzoumanikas, P and Nikitidou, E and Bais, AF and Kazantzidis, A},
  journal={Renewable energy},
  volume={95},
  pages={314--322},
  year={2016},
  publisher={Elsevier}
}

@inproceedings{lewis2010radiometric,
  title={A radiometric all-sky infrared camera (RASICAM) for DES/CTIO},
  author={Lewis, Peter M and Rogers, Howard and Schindler, Rafe H},
  booktitle={Ground-based and Airborne Instrumentation for Astronomy III},
  volume={7735},
  pages={1307--1318},
  year={2010},
  organization={SPIE}
}

@inproceedings{reil2014update,
  title={An update on the status and performance of the Radiometric All-Sky Infrared Camera (RASICAM)},
  author={Reil, Kevin and Lewis, Peter and Schindler, Rafe and Zhang, Zhang},
  booktitle={Observatory Operations: Strategies, Processes, and Systems V},
  volume={9149},
  pages={321--331},
  year={2014},
  organization={SPIE}
}

@misc{DES,
      title={The Dark Energy Survey}, 
      author={The Dark Energy Survey Collaboration},
      year={2005},
      eprint={astro-ph/0510346},
      archivePrefix={arXiv},
      primaryClass={astro-ph}
}

@article{Bohlin2011,
doi = {10.1088/0004-6256/141/5/173},
url = {https://dx.doi.org/10.1088/0004-6256/141/5/173},
year = {2011},
month = {apr},
publisher = {The American Astronomical Society},
volume = {141},
number = {5},
pages = {173},
author = {R. C. Bohlin and K. D. Gordon and G. H. Rieke and D. Ardila and S. Carey and S. Deustua and C. Engelbracht and H. C. Ferguson and K. Flanagan and J. Kalirai and M. Meixner and A. Noriega-Crespo and K. Y. L. Su and P.-E. Tremblay},
title = {ABSOLUTE FLUX CALIBRATION OF THE IRAC INSTRUMENT ON THE SPITZER SPACE TELESCOPE USING HUBBLE SPACE TELESCOPE FLUX STANDARDS},
journal = {The Astronomical Journal},
abstract = {The absolute flux calibration of the James Webb Space Telescope (JWST) will be based on a set of stars observed by the Hubble and Spitzer Space Telescopes. In order to cross-calibrate the two facilities, several A, G, and white dwarf stars are observed with both Spitzer and Hubble and are the prototypes for a set of JWST calibration standards. The flux calibration constants for the four Spitzer IRAC bands 1–4 are derived from these stars and are 2.3%, 1.9%, 2.0%, and 0.5% lower than the official cold-mission IRAC calibration of Reach et al., i.e., in agreement within their estimated errors of ∼2%. The causes of these differences lie primarily in the IRAC data reduction and secondarily in the spectral energy distributions of our standard stars. The independent IRAC 8 μm band-4 fluxes of Rieke et al. are about 1.5% ± 2% higher than those of Reach et al. and are also in agreement with our 8 μm result.}
}

@article{Betoule2013,
	doi = {10.1051/0004-6361/201220610},
  
	url = {https://doi.org/10.1051%2F0004-6361%2F201220610},
  
	year = 2013,
	month = {apr},
  
	publisher = {EDP Sciences},
  
	volume = {552},
  
	pages = {A124},
  
	author = {M. Betoule and J. Marriner and N. Regnault and J.-C. Cuillandre and P. Astier and J. Guy and C. Balland and P. El Hage and D. Hardin and R. Kessler and L. Le Guillou and J. Mosher and R. Pain and P.-F. Rocci and M. Sako and K. Schahmaneche},
  
	title = {Improved photometric calibration of the SNLS and the SDSS supernova surveys},
  
	journal = {Astronomy and Astrophysics}
}

@article{Scolnic2015,
doi = {10.1088/0004-637X/815/2/117},
url = {https://dx.doi.org/10.1088/0004-637X/815/2/117},
year = {2015},
month = {dec},
publisher = {The American Astronomical Society},
volume = {815},
number = {2},
pages = {117},
author = {D. Scolnic and S. Casertano and A. Riess and A. Rest and E. Schlafly and R. J. Foley and D. Finkbeiner and C. Tang and W. S. Burgett and K. C. Chambers and P. W. Draper and H. Flewelling and K. W. Hodapp and M. E. Huber and N. Kaiser and R. P. Kudritzki and E. A. Magnier and N. Metcalfe and C. W. Stubbs},
title = {SUPERCAL: CROSS-CALIBRATION OF MULTIPLE PHOTOMETRIC SYSTEMS TO IMPROVE COSMOLOGICAL MEASUREMENTS WITH TYPE Ia SUPERNOVAE},
journal = {The Astrophysical Journal}
}

@article{Rubin2015,
doi = {10.1088/0004-6256/149/5/159},
url = {https://dx.doi.org/10.1088/0004-6256/149/5/159},
year = {2015},
month = {apr},
publisher = {The American Astronomical Society},
volume = {149},
number = {5},
pages = {159},
author = {D. Rubin and G. Aldering and R. Amanullah and K. Barbary and K. S. Dawson and S. Deustua and L. Faccioli and V. Fadeyev and H. K. Fakhouri and A. S. Fruchter and M. D. Gladders and R. S. de Jong and A. Koekemoer and E. Krechmer and C. Lidman and J. Meyers and J. Nordin and S. Perlmutter and P. Ripoche and D. J. Schlegel and A. Spadafora and N. Suzuki},
title = {A CALIBRATION OF NICMOS CAMERA 2 FOR LOW COUNT RATES*},
journal = {The Astronomical Journal}
}

@misc{Currie2020,
      title={Evaluating the Calibration of SN Ia Anchor Datasets with a Bayesian Hierarchical Model}, 
      author={Miles Currie and David Rubin and Greg Aldering and Susana Deustua and Andy Fruchter and Saul Perlmutter},
      year={2020},
      eprint={2007.02458},
      archivePrefix={arXiv},
      primaryClass={astro-ph.SR}
}

@article{Brout2022,
	doi = {10.3847/1538-4357/ac8bcc},
  
	url = {https://doi.org/10.3847%2F1538-4357%2Fac8bcc},
  
	year = 2022,
	month = {oct},
  
	publisher = {American Astronomical Society},
  
	volume = {938},
  
	number = {2},
  
	pages = {111},
  
	author = {Dillon Brout and Georgie Taylor and Dan Scolnic and Charlotte M. Wood and Benjamin M. Rose and Maria Vincenzi and Arianna Dwomoh and Christopher Lidman and Adam Riess and Noor Ali and Helen Qu and Mi Dai},
  
	title = {The Pantheon+ Analysis: SuperCal-fragilistic Cross Calibration, Retrained SALT2 Light-curve Model, and Calibration Systematic Uncertainty},
  
	journal = {The Astrophysical Journal}
}

@misc{rubin2022uniform,
      title={Uniform Recalibration of Common Spectrophotometry Standard Stars onto the CALSPEC System using the SuperNova Integral Field Spectrograph}, 
      author={David Rubin and G. Aldering and P. Antilogus and C. Aragon and S. Bailey and C. Baltay and S. Bongard and K. Boone and C. Buton and Y. Copin and S. Dixon and D. Fouchez and E. Gangler and R. Gupta and B. Hayden and W. Hillebrandt and A. G. Kim and M. Kowalski and D. Kuesters and P. -F. Leget and F. Mondon and J. Nordin and R. Pain and E. Pecontal and R. Pereira and S. Perlmutter and K. A. Ponder and D. Rabinowitz and M. Rigault and K. Runge and C. Saunders and G. Smadja and N. Suzuki and C. Tao and S. Taubenberger and R. C. Thomas and M. Vincenzi and The Nearby Supernova Factory},
      year={2022},
      eprint={2205.01116},
      archivePrefix={arXiv},
      primaryClass={astro-ph.IM}
}

@article{goodman1988cloud,
  title={Cloud detection and analysis: A review of recent progress},
  author={Goodman, AH and Henderson-Sellers, A},
  journal={Atmospheric Research},
  volume={21},
  number={3-4},
  pages={203--228},
  year={1988},
  publisher={Elsevier}
}

@article{Astropy2018,
  author={The {Astropy Collaboration}},
  title={Astropy: A community Python package for astronomy},
  journal={AJ},
  volume={156},
  year={2018},
  pages={123},
  url={https://doi.org/10.3847/1538-3881/aac387},
  DOI={10.3847/1538-3881/aac387}
}

@article{Matplotlib,
  author={J. D. Hunter},
  title={},
  journal={CSE},
  volume={9},
  year={2007},
  pages={90},
  url={https://doi.org/10.1109/MCSE.2007.55},
  DOI={10.1109/MCSE.2007.55}
}

@Article{Numpy,
 title         = {Array programming with NumPy},
 author        = {Charles R. Harris and K. Jarrod Millman and Stefan J.
                 van der Walt and Ralf Gommers and Pauli Virtanen and David
                 Cournapeau and Eric Wieser and Julian Taylor and Sebastian
                 Berg and Nathaniel J. Smith and Robert Kern and Matti Picus
                 and Stephan Hoyer and Marten H. van Kerkwijk and Matthew
                 Brett and Allan Haldane and Jaime Fernandez del
                 Rio and Mark Wiebe and Pearu Peterson and Pierre
                 Gerard-Marchant and Kevin Sheppard and Tyler Reddy and
                 Warren Weckesser and Hameer Abbasi and Christoph Gohlke and
                 Travis E. Oliphant},
 year          = {2020},
 month         = sep,
 journal       = {Nature},
 volume        = {585},
 number        = {7825},
 pages         = {357--362},
 doi           = {10.1038/s41586-020-2649-2},
 publisher     = {Springer Science and Business Media LLC},
 url           = {https://doi.org/10.1038/s41586-020-2649-2}
}

@software{Pandas,
    author       = {The {Pandas Development Team}},
    title        = {pandas-dev/pandas: Pandas},
    month        = feb,
    year         = 2020,
    publisher    = {Zenodo},
    version      = {latest},
    doi          = {10.5281/zenodo.3509134},
    url          = {https://doi.org/10.5281/zenodo.3509134}
}

@software{Flax,
  author = {Jonathan Heek and Anselm Levskaya and Avital Oliver and Marvin Ritter and Bertrand Rondepierre and Andreas Steiner and Marc van Zee},
  title = {Flax: A neural network library and ecosystem for JAX},
  url = {http://github.com/google/flax},
  version = {0.7.2},
  year = {2023},
}

@software{Jax,
  author = {James Bradbury and Roy Frostig and Peter Hawkins and Matthew James Johnson and Chris Leary and Dougal Maclaurin and George Necula and Adam Paszke and Jake VanderPlas and Skye Wanderman-Milne and Qiao Zhang},
  title = {JAX: composable transformations of Python+NumPy programs},
  url = {http://github.com/google/jax},
  version = {0.3.13},
  year = {2018},
}


@Article{MMST,
AUTHOR = {Wei, Liang and Zhu, Tingting and Guo, Yiren and Ni, Chao},
TITLE = {MMST: A Multi-Modal Ground-Based Cloud Image Classification Method},
JOURNAL = {Sensors},
VOLUME = {23},
YEAR = {2023},
NUMBER = {9},
ARTICLE-NUMBER = {4222},
URL = {https://www.mdpi.com/1424-8220/23/9/4222},
PubMedID = {37177425},
ISSN = {1424-8220},
DOI = {10.3390/s23094222}
}

@article{li2020deep,
  title={Deep tensor fusion network for multimodal ground-based cloud classification in weather station networks},
  author={Li, Mei and Liu, Shuang and Zhang, Zhong},
  journal={Ad hoc networks},
  volume={96},
  pages={101991},
  year={2020},
  publisher={Elsevier}
}

@article{liu2018multimodal,
  title={Multimodal ground-based cloud classification using joint fusion convolutional neural network},
  author={Liu, Shuang and Li, Mei and Zhang, Zhong and Xiao, Baihua and Cao, Xiaozhong},
  journal={Remote Sensing},
  volume={10},
  number={6},
  pages={822},
  year={2018},
  publisher={MDPI}
}

@article{manzo2021voting,
  title={Voting in transfer learning system for ground-based cloud classification},
  author={Manzo, Mario and Pellino, Simone},
  journal={Machine Learning and Knowledge Extraction},
  volume={3},
  number={3},
  pages={542--553},
  year={2021},
  publisher={MDPI}
}

@article{zhou2021novel,
  title={A novel ground-based cloud image segmentation method by using deep transfer learning},
  author={Zhou, Zecheng and Zhang, Feng and Xiao, Haixia and Wang, Fuchang and Hong, Xin and Wu, Kun and Zhang, Jinglin},
  journal={IEEE Geoscience and Remote Sensing Letters},
  volume={19},
  pages={1--5},
  year={2021},
  publisher={IEEE}
}

@article{Wang21,
author = {Min Wang and Zhihao Zhuang and Kang Wang and Shudao Zhou and Zhanhua Liu},
journal = {Opt. Express},
keywords = {Cloud effects; Clouds; Fast Fourier transforms; Fourier transforms; Neural networks; Stochastic gradient descent},
number = {25},
pages = {41176--41190},
publisher = {Optica Publishing Group},
title = {Intelligent classification of ground-based visible cloud images using a transfer convolutional neural network and fine-tuning},
volume = {29},
month = {Dec},
year = {2021},
url = {https://opg.optica.org/oe/abstract.cfm?URI=oe-29-25-41176},
doi = {10.1364/OE.442455}
}

@article{OpenCV,
    author = {Bradski, G.},
    citeulike-article-id = {2236121},
    journal = {Dr. Dobb's Journal of Software Tools},
    keywords = {bibtex-import},
    posted-at = {2008-01-15 19:21:54},
    priority = {4},
    title = {{The OpenCV Library}},
    year = {2000}
}

@software{opencv-python,
  author = {Olli-Pekka, Heinisuo and OpenCV, team},
  month = {9},
  title = {{OpenCV Python packages}},
  url = {https://github.com/opencv/opencv-python},
  year = {2016}
}